3214 5054
767 487 812 498 -
861 449 923 515 ιιι
967 485 1012 498 -

331 605 445 674 uteret,
471 614 568 674 qnam
592 597 712 676 quibus
735 595 841 657 forma
866 595 909 656 sit
934 594 1128 675 peouliaris,
1156 595 1264 674 iisque
1288 593 1452 656 adscribat

331 698 390 786 τήν
414 697 640 786 ἀπαρὲμφατον
661 697 907 784 (infinitivum),
932 719 971 764 eo
994 719 1095 764 sensu
1120 724 1135 753 α
1157 699 1270 762 modos
1294 700 1451 761 »dixisse

331 808 474 884 videtur,
500 825 564 888 qno
591 806 692 886 vulgo
717 825 777 870 nos
801 809 837 868 in
862 808 1086 885 grammaticis
1108 804 1333 885 usurpamus¹.
1352 805 1451 885 Apud

331 913 471 977 eundem
490 913 559 976 illis
580 917 756 977 verborum
770 915 898 993 formis,
917 932 997 995 quas
1018 912 1213 976 Aristoteles
1230 919 1261 975 et
1281 912 1450 992 Peripate-

332 1023 388 1084 tici
417 1019 553 1096 πτώσεις
580 1017 753 1106 {erinnem
781 1020 1058 1100 Aristarchusque
1079 1015 1187 1106 βῆμιι8
1213 1017 1447 1098 appellaverat,

329 1143 451 1189 nomen
464 1129 635 1206 proprium
650 1144 687 1188 ao
703 1126 883 1204 singulare,
901 1124 1067 1209 ἐγκλίσεις,
1084 1126 1211 1206 imponi
1227 1126 1371 1205 primum
1382 1143 1451 1186 oei·-

329 1235 451 1296 nimus.
470 1232 589 1296 Utrum
604 1241 714 1294 tamen
733 1234 796 1296 hoo
818 1237 952 1296 nomine
972 1234 1086 1296 eadem
1109 1238 1234 1295 tantum
1250 1234 1361 1312 notio,
1377 1249 1450 1312 quae

329 1360 388 1420 per
398 1340 594 1404 vocabulum
607 1363 622 1392 ι
635 1338 814 1418 πτώσεις»,
828 1341 863 1402 id
877 1348 938 1418 est,
957 1340 1177 1402 accidentium
1186 1340 1286 1401 verbo
1296 1342 1450 1400 mutatio·

328 1465 421 1525 num,
446 1445 683 1528 significetur⁴,
709 1465 751 1508 an
771 1446 840 1527 jam
864 1454 932 1508 tum
955 1447 1058 1508 animi
1079 1445 1250 1508 inclinatio
1266 1446 1307 1507 ad
1323 1445 1451 1526 aliquid

331 1551 524 1634 tendentis⁶,
547 1553 723 1632 dijudicari
743 1570 810 1615 non
830 1561 949 1633 potest,
972 1570 1033 1615 neo
1052 1553 1164 1630 magni
1183 1551 1224 1612 ad
1243 1552 1450 1632 propositum

329 1677 439 1722 meum
460 1659 572 1720 refert.
597 1657 668 1721 Hoo
692 1666 777 1720 oerte
804 1658 1132 1721 animadvertendum
1154 1665 1214 1736 est,
1239 1678 1271 1720 v.
1295 1656 1450 1740 ἐγκλίσεις

329 1765 416 1844 apud
431 1763 563 1828 Graeoos
577 1773 652 1844 post
667 1763 867 1846 Dionysium
884 1769 921 1827 in
935 1785 998 1828 usu
1013 1766 1129 1828 inisse.
1144 1764 1240 1838 Quod
1253 1766 1448 1828 vocabulum

329 1871 507 1938 Diomedes
530 1872 571 1934 ad
595 1872 747 1952 verbum,
774 1878 811 1932 ut
836 1871 935 1948 solet,
963 1874 998 1932 in
1022 1872 1230 1931 inclinationes
1254 1869 1446 1934 convertit⁶.

330 1977 397 2040 Sed
411 1995 449 2039 ea
464 1977 639 2057 appellatio
655 1996 722 2040 non
738 1979 893 2040 obtinuit.
916 1977 1079 2040 Nonnulli
1099 1977 1200 2054 enim,
1225 1985 1256 2040 et
1275 1985 1350 2040 aute
1371 1977 1449 2040 Dio-

328 2085 473 2164 medem,
503 2094 614 2163 stolus,
638 2084 750 2165 plures
774 2102 852 2147 vero
882 2086 1058 2162 qualitates,
1084 2091 1117 2146 at
1143 2084 1294 2165 plerique
1321 2081 1447 2146 ιιιοιίοι7

329 2192 504 2271 dixerunt3
530 2209 636 2271 neque
662 2209 699 2254 ea
721 2191 880 2255 vocabula
902 2209 921 2253 a
946 2190 1070 2255 Graeois
1093 2189 1205 2254 Latini
1230 2192 1448 2272 assumpsisse

329 2296 495 2359 videntur.
513 2295 677 2375 Forsitan,
696 2313 771 2358 oum
784 2297 957 2360 modorum
973 2300 1144 2359 notionem
1159 2314 1231 2359 sero
1247 2298 1449 2360 observatam

329 2408 361 2464 et
382 2402 587 2483 explanatam
607 2420 678 2465 esse
697 2402 892 2484 viderimus,
914 2402 950 2463 id
968 2389 1135 2483 est‘paulo
1154 2410 1366 2483 anteaquam
1385 2402 1448 2464 Ro-

328 2510 418 2570 mani
432 2510 498 2589 ipsi
519 2528 578 2589 per
599 2528 633 2572 se
654 2513 874 2588 grammatioae
901 2511 1086 2589 studerent,
1113 2511 1174 2573 hos
1196 2511 1236 2572 ad
1258 2529 1332 2573 eam
1356 2510 1448 2574 illus·

328 2614 477 2677 trandam
504 2633 571 2678 non
600 2616 753 2679 inutilem
781 2620 951 2678 navavisse
986 2634 1118 2696 operam
1151 2617 1352 2680 eredendum
1385 2617 1444 2694 sit,

328 2728 424 2802 atque
445 2739 498 2784 eas
517 2722 767 2803 appellationes,
789 2729 955 2803 tamquam
974 2723 1075 2803 hujus
1095 2740 1202 2803 operae
1221 2731 1443 2810 monumenta,

328 2830 537 2908 imposuisse,
565 2829 636 2893 Neo
664 2837 772 2892 tamen
800 2832 942 2892 arbitror
964 2831 1075 2892 statim
1098 2849 1157 2909 per
1180 2848 1235 2892 eas
1261 2830 1446 2907 significare

328 2934 473 3005 soluisse
493 2938 733 3013 grammaticos,
756 2944 811 2999 aut
834 2961 848 2989 ‹
865 2936 973 2998 modis
997 2961 1011 2990 »
1034 2935 1175 3014 singulis
1198 2942 1324 2999 celtum
1346 2936 1446 2998 animi

328 3048 448 3104 statum
468 3043 678 3122 respondere,
703 3050 759 3106 ant
777 3061 836 3123 per
856 3061 912 3105 eos
935 3045 1073 3123 exprimi
1093 3043 1200 3123 qualis
1219 3046 1261 3104 sit
1283 3042 1447 3123 loquentis

328 3149 464 3212 affectus
485 3156 516 3212 et
534 3151 650 3213 modus
670 3151 847 3214 sentiendi.
870 3150 1025 3228 Sensum,
1043 3157 1079 3212 ut
1098 3154 1144 3211 ita
1164 3149 1282 3228 dicam,
1302 3149 1445 3229 philoso-

327 3255 463 3333 phicum
486 3280 500 3309 ι
518 3257 690 3321 modorum
707 3281 722 3312 s
743 3275 780 3321 ao
799 3275 910 3320 veram
929 3263 1123 3338 potestatem
1144 3255 1344 3336 Apollonius
1364 3256 1445 3338 Dys-

329 3359 419 3424 colus
438 3363 591 3444 princeps
608 3363 770 3426 detexisse
790 3370 821 3425 et
837 3364 1027 3444 exposuisse
1043 3359 1218 3440 creditum,
1235 3359 1445 3425 Priscianus⁹

328 3473 453 3545 antem,
485 3468 556 3547 ejus
585 3468 784 3550 discipulus,
816 3471 942 3551 primus
972 3469 1059 3548 apud
1088 3468 1222 3530 Latinos
1250 3469 1443 3532 ostendisse.

355 3742 374 3779 1.
388 3735 413 3780 P.
423 3743 458 3780 47.

354 3801 374 3841 a.
389 3797 424 3844 Cl.
436 3797 585 3853 Grnrenlnn,
596 3797 611 3844 l.
622 3810 651 3852 a,
662 3799 680 3854 l,
690 3812 713 3857 p.
724 3805 772 3845 486.

353 3865 373 3903 a.
389 3859 424 3905 Cl.
435 3860 620 3916 santamente.

353 3929 374 3966 4.
389 3922 516 3977 Stsinthal‚
526 3921 541 3968 l.
552 3935 581 3975 a,
591 3924 621 3977 ΙΙ,
632 3935 655 3980 p.
666 3929 706 3969 274
715 3936 751 3980 sq.

352 3989 374 4029 t,
389 3983 468 4030 Schol.
480 3985 549 4030 bion.
559 3985 627 4040 Thr.;
638 3985 670 4030 ol.
681 3985 720 4031 od.
732 3985 812 4043 Uhlig,
822 3998 845 4043 p.
856 3992 890 4030 41.

353 4053 374 4108 6,
388 4046 416 4090 K.
427 4047 445 4101 1,
455 4058 478 4102 p.
490 4051 537 4091 sss.
548 4045 583 4094 Cl.
594 4059 676 4104 supra,
686 4060 710 4104 p.
721 4054 747 4092 84
758 4060 794 4106 sq.
1432 4098 1436 4104 ¹

353 4113 374 4153 7.
389 4109 499 4163 Quintil,
507 4110 525 4164 I,
533 4115 553 4163 5,
561 4117 595 4154 41.
605 4109 660 4154 Tria
671 4109 790 4156 vocabula
800 4123 840 4168 ap.
848 4110 1001 4166 Quintilian,
1010 4122 1068 4167 orgo
1078 4111 1102 4155 st
1111 4122 1150 4167 np.
1158 4109 1330 4156 Palaemonem.
1338 4110 1374 4166 cl.
1382 4121 1405 4169 p.
1413 4117 1444 4155 aa.

353 4178 374 4216 s.
389 4170 515 4279 {tolipthab
526 4171 542 4217 t.
553 4183 581 4226 a,
592 4172 622 4226 11,
632 4184 656 4229 p.
668 4178 708 4219 ais
717 4185 770 4230 sqq.
780 4174 816 4220 Cf.
828 4173 914 4230 Egger‚
924 4173 1000 4231 Apoll.
1012 4175 1092 4230 nyso,
1101 4183 1126 4229 p.
1137 4178 1184 4217 ist.

353 4240 374 4279 s.
411 4265 416 4279 .
450 4239 550 4291 ‚pass
