3124 5050
581 462 804 534 :fil-4

175 616 299 678 Praeter
321 615 394 678 haec
417 619 481 678 tria
509 633 631 694 genera
660 616 724 677 duo
754 634 883 696 qnoque
911 616 1251 679 adnumerabantura

134 722 294 800 Dionysio
320 715 488 784 Threce¹t
514 745 528 774 ι
543 718 646 787 Ἔνιοι
666 719 700 786 δὲ
720 719 916 805 προστιθέασι
936 719 1059 796 τούτοις
1080 717 1163 786 ἄλλα
1182 719 1248 803 δύο,

132 826 227 892 κοινόν
246 851 284 892 τε
303 826 357 892 καὶ
377 825 537 893 ἐπίκοινον.
558 851 572 880 ν
597 825 704 899 Quem
726 827 875 888 imitatus
895 824 1080 888 Palaemon²
1096 845 1250 888 commone

133 951 259 1013 quoque
277 941 308 996 et
323 931 472 1012 epicenon
487 933 542 996 vel
552 930 779 1011 ινιοννιιέιιιιιιινὃ
795 932 982 1012 adjiciebat.
1000 931 1068 995 Sed
1083 937 1152 995 sive
1168 951 1205 995 ea
1216 937 1252 995 in

132 1039 268 1100 latinam
283 1029 530 1116 grammaticam
545 1041 699 1120 princeps
715 1039 895 1118 transtulit,
915 1040 984 1102 sire
997 1040 1065 1119 jam
1080 1043 1116 1100 in
1126 1040 1250 1102 scholis

133 1149 287 1207 usitatam
302 1147 576 1209 consuetudinem
592 1143 750 1225 recepit⁴,
768 1162 836 1207 non
851 1145 995 1208 multum
1010 1146 1087 1207 inde
1104 1149 1250 1208 scientiae

132 1269 167 1315 ac
186 1253 310 1314 rationi
331 1251 469 1314 hnmani
494 1255 657 1314 sermonis
679 1251 832 1314 contulit.
859 1250 1020 1314 Notiones
1046 1253 1146 1332 enim,
1178 1267 1250 1332 quae

133 1357 182 1419 his
197 1358 479 1439 appellationibus
495 1359 735 1438 significantur,
750 1377 811 1420 nec
823 1377 897 1421 cum
908 1360 1013 1422 trihus
1023 1360 1140 1439 primis
1152 1377 1251 1436 gene·

132 1465 219 1526 ribus
234 1482 299 1527 nec
311 1467 399 1527 inter
414 1484 447 1527 se
461 1472 659 1544 congruunt.
678 1464 763 1526 Nam
784 1484 843 1545 per
861 1464 1097 1547 masculinum,
1117 1467 1250 1528 femini-

132 1590 209 1633 num
230 1578 454 1652 neutrumque
475 1576 695 1650 grammaticae
721 1572 896 1652 qualitates
921 1573 1147 1654 designantur,
1178 1591 1249 1653 quae

132 1696 234 1757 neque
251 1679 293 1739 ah
308 1685 440 1740 externa
454 1683 628 1740 nominum
642 1679 748 1740 forma
763 1697 900 1758 nequeo
916 1695 995 1740 sexu
1006 1682 1250 1742 nominatarum

131 1803 237 1846 remm
259 1788 446 1847 necessario
466 1785 623 1864 pendent,
648 1802 722 1846 cum
740 1802 816 1846 rosa
835 1791 867 1846 et
886 1783 1041 1865 agricola,
1061 1783 1205 1864 Glycera
1219 1792 1251 1847 et

132 1887 324 1969 Glycerium
339 1908 459 1968 genere
474 1890 674 1970 discrepent.
694 1891 735 1951 At
754 1915 768 1944 «
787 1909 961 1953 commune
976 1909 1082 1968 genus
1101 1916 1115 1945 ν
1133 1891 1173 1954 ad
1185 1891 1249 1954 for·

130 2015 212 2057 urani
227 2003 359 2059 tantum
374 1997 532 2077 neminie,
546 2014 618 2076 quae
630 1995 821 2059 duobusrsl
832 1998 936 2059 tribus
947 1999 1123 2074 generibus
1136 1997 1249 2060 eadem

131 2110 188 2184 est,
199 2111 230 2166 et
241 2128 257 2157 ι
269 2103 496 2183 promiscuum
507 2128 521 2156 »
537 2103 578 2164 ad
588 2121 702 2166 sexum
713 2103 859 2166 hominis
868 2102 1053 2182 velbestiae,
1065 2105 1121 2184 qui
1130 2121 1249 2182 genere

131 2225 194 2270 non
210 2209 431 2291 dignoscitur,
450 2212 609 2290 pertinet.
715 2217 717 2222 ’

170 2315 328 2378 Attamen
346 2339 361 2370 ‹
379 2332 553 2378 commune
571 2339 586 2368 ν
603 2316 713 2395 ipsum
729 2317 764 2377 in
780 2315 845 2378 duo
859 2334 980 2395 genera
990 2323 1176 2395 separatum
1187 2325 1248 2378 est.

127 2419 293 2484 Donatns⁶
310 2425 400 2483 enim
410 2421 592 2499 distinguit
606 2438 774 2498 comnenae,
790 2445 804 2474 ι
819 2421 906 2501 quod
917 2420 1017 2484 simul
1028 2422 1250 2485 masculinum

127 2526 393 2606 femininumqne
408 2528 585 2607 significat,
602 2535 640 2590 ut
627 2527 714 2590 thic
734 2535 765 2590 et
785 2528 855 2590 haec
877 2529 1075 2610 sacerdos»,
1094 2530 1134 2592 ab
1148 2527 1251 2590 omitti

130 2656 144 2684 ι
161 2633 249 2712 quod
264 2633 374 2695 tribus
391 2633 569 2712 generibus
584 2636 739 2695 convenit
757 2658 771 2685 »
790 2628 895 2716 (felix,
915 2640 977 2696 eto
986 2633 1022 2716 ⁷).

168 2738 249 2802 Haec
264 2747 378 2802 autem
400 2738 560 2802 vocabula
582 2740 745 2820 quomodo
766 2759 785 2801 a
805 2739 929 2803 Graecis
951 2739 1181 2802 trwanstulerint
1195 2707 1251 2802 aut

126 2845 367 2926 assumpserint
383 2844 504 2926 Latini,
518 2863 578 2925 per
592 2843 743 2925 seliquet
754 2854 786 2908 et
797 2845 960 2924 explicare
972 2864 1251 2926 supervacaneum

126 2958 185 3014 est.
212 2953 282 3015 Sed
305 2971 503 3033 quamquam
530 2952 736 3030 «epicoenon
760 2977 774 3006 ν
798 2953 834 3014 in
853 2977 866 3006 «
885 2953 1110 3032 promiscuum
1129 2978 1143 3006 ν
1161 2951 1251 3014 haud

125 3058 310 3122 infeliciter
333 3075 530 3122 conversum
553 3065 633 3139 erat,
661 3059 839 3121 Diomedes
869 3066 980 3122 tamen
1008 3060 1143 3122 obscure
1168 3059 1250 3121 dixit

150 3265 169 3300 ι.
184 3256 208 3301 P.
219 3263 246 3300 itt
257 3267 297 3313 sq.

150 3323 169 3362 ι.
184 3319 238 3364 Hoc
248 3317 386 3364 Palaemoni
396 3319 506 3373 vindico,
517 3317 577 3375 quin
591 3318 760 3371 Quintilianus
770 3318 797 3371 (1,
807 3324 828 3374 4,
839 3324 864 3364 73
875 3321 921 3375 sq.)
933 3323 956 3363 et
971 3319 1096 3364 Clrcrtsius
1105 3318 1141 3370 (Κ.
1152 3319 1170 3373 Ι,
1182 3331 1204 3374 p.
1217 3321 1251 3370 17)

125 3380 186 3425 miro
200 3380 277 3426 modo
294 3380 396 3426 intereo
408 3382 556 3438 congruunt.
572 3380 741 3432 Quintilianus
756 3380 823 3424 enim
835 3398 840 3424 ι
854 3381 927 3426 «lton
938 3382 984 3425 erit
999 3384 1140 3435 contentus,
1152 3381 1194 3435 nit,
1206 3384 1251 3425 tra·

125 3443 181 3488 dere
195 3444 222 3488 in
239 3441 388 3488 nominibus
404 3443 449 3487 trin
460 3454 552 3499 genera
563 3445 587 3486 et
597 3453 627 3486 es
635 3454 691 3499 quat
701 3444 759 3487 snut
769 3442 866 3488 duobus
876 3443 1024 3487 omnibusve
1040 3443 1190 3488 communic.
1201 3443 1250 3487 Nec

123 3506 204 3549 stetim
219 3505 371 3561 diligentem
387 3505 487 3561 putabo,
498 3503 543 3562 qui
559 3505 711 3560 promiscuo,
725 3516 780 3560 qnae
796 3505 911 3561 epicoena
926 3505 1051 3559 dicuntur,
1067 3503 1209 3559 ostenderit,
1223 3506 1250 3549 in

124 3567 214 3624 quihus
229 3579 306 3613 sexus
320 3569 425 3624 uterque
442 3579 485 3624 per
502 3566 605 3612 alterum
624 3569 732 3623 apparet.
749 3584 758 3603 ν
776 3566 916 3612 Charisius:
934 3584 943 3604 ι
960 3568 1000 3612 ns
1018 3571 1041 3612 ot
1059 3579 1191 3612 commune
1208 3571 1251 3612 nut

124 3626 221 3674 duobus
236 3629 382 3685 generibus,
393 3633 420 3673 ut
430 3629 470 3673 hic
481 3631 504 3672 ot
514 3630 566 3673 hsoc
581 3629 658 3678 canis,
670 3631 711 3672 nut
727 3628 805 3674 tribus
821 3628 963 3684 gonoribus,
973 3630 1000 3672 ut
1015 3628 1056 3673 hic
1067 3631 1092 3672 et
1106 3629 1158 3673 nac
1169 3631 1192 3672 et
1203 3629 1250 3673 hoo

124 3689 189 3734 felix.
200 3692 316 3737 Adicitur
326 3691 441 3748 quintum
457 3702 543 3747 genns,
554 3691 621 3747 quod
636 3702 714 3748 grance
730 3700 823 3733 ιπικοινιν
839 3690 936 3744 dicitur,
949 3690 1024 3734 latino
1035 3689 1212 3746 promiscuum,
1224 3695 1251 3734 ut

124 3752 174 3797 lraec
184 3753 296 3798 mustela
306 3753 399 3810 ayuite,
411 3756 477 3798 etc.»

149 3820 169 3858 c.
184 3815 218 3860 De
229 3827 309 3860 sensu
320 3814 377 3859 vido
388 3815 544 3870 superiorem
555 3817 647 3860 notum.

147 3882 169 3921 4.
184 3877 220 3922 Ci.
232 3888 318 3934 supra,
330 3888 354 3934 p
367 3884 439 3934 1ssq.

147 3935 653 3994 5.K.1V,p8'15‚ci.1nstitArt..KlV
665 3949 687 3992 p.
699 3942 733 3986 52.
744 3906 869 3983 otDonnti
877 3938 1092 3981 commentatores

149 4004 212 4042 cn
212 4011 285 4042 mr
303 3997 337 4043 Cf.
353 3998 453 4054 Dionys.
469 3998 524 4043 Thr.
540 3997 629 4052 schol,
640 3997 682 4043 Ed.
699 3999 778 4055 Uidig,
789 4012 813 4055 p.
824 4004 857 4052 25,
869 3998 884 4042 i.
896 4010 919 4042 ιι.
931 3999 1056 4042 Romanus
1069 4000 1151 4042 autem
1161 3998 1251 4053 (Cher,

124 4059 301 4117 K.,Ip.1ss)
290 4060 386 4105 trium
398 4071 516 4116 generum
528 4071 651 4104 nomino
642 4059 731 4104 dicit.
821 4078 825 4084 ¹

149 4129 169 4167 7.
184 4122 318 4168 Diomedes
334 4121 465 4174 autemut.
476 4123 494 4174 1,
507 4134 529 4178 p
542 4129 598 4174 8011,
609 4122 742 4177 Excerptor
755 4121 882 4166 Bobiensis
892 4121 927 4173 (Κ.
939 4122 957 4174 1,
968 4133 991 4177 p.
1002 4122 1061 4173 534),
1075 4121 1250 4172 DosithoustK.

122 4184 203 4241 V11,p
211 4189 271 4240 391),
283 4184 426 4229 Priscianus
437 4184 473 4236 (Κ.
482 4184 502 4228 ΙΙ
505 4197 542 4241 ‚.p
552 4188 600 4238 156)
610 4195 668 4229 cum
679 4183 816 4228 Pateemone
827 4184 992 4228 consentiunt.
1004 4182 1037 4228 Dc
1047 4183 1157 4227 Romano
1168 4187 1249 4227 nutem

122 4217 185 4300 (Κ.ι,
197 4258 222 4303 p.
234 4249 285 4300 128)
297 4246 421 4290 incertum
433 4248 476 4290 cst.
488 4244 523 4290 ct.
536 4247 618 4290 tamen
629 4245 782 4301 superiorem
794 4247 885 4289 notam.
