3124 5050
567 465 790 530 -51...

122 627 203 688 gana
214 615 256 671 sit
266 628 308 671 an
317 593 430 673 brevis
443 631 451 671 ε
464 617 501 672 ut
512 610 668 692 proelium
683 627 803 690 anceps
812 617 957 690 vocatur,
970 628 1034 689 quo
1049 613 1235 694 commisso,

121 719 347 779 utervicturus
357 717 412 796 sit,
420 717 583 780 incertum
592 724 653 784 est.
663 716 730 780 Sed
742 741 756 770 ‹<
769 717 917 796 liquidus
929 741 943 770 »
955 716 1008 779 vel
1018 719 1239 799 metaphorice

122 823 158 884 ad
170 841 289 902 purum
296 822 789 903 aliquidetinturbidumlluens
799 823 1240 904 designandumplerumque

123 936 320 1008 usurpatur:
338 929 426 991 unde
442 929 572 1010 liquida
584 931 707 992 dicitur
721 931 837 1009 oratio,
855 947 927 1009 quae
948 927 1035 991 nihil
1051 931 1240 1010 ambiguum

123 1043 153 1096 et
167 1035 407 1098 subobscurum
421 1034 551 1116 habeat,
568 1035 656 1115 quod
674 1054 750 1096 sane
765 1035 935 1096 vocalibus
951 1035 1150 1115 ancipitibus
1165 1055 1241 1099 cou-

123 1147 259 1206 trarium
275 1151 334 1205 est.
354 1143 402 1205 Eo
417 1145 519 1220 igitur
533 1142 693 1206 vocabulo
708 1161 860 1222 perverse
876 1141 1069 1205 Priscianus
1085 1162 1163 1207 usus
1179 1153 1239 1225 est,

123 1257 158 1312 ut
172 1245 262 1334 oppda
273 1253 310 1311 iu
320 1250 462 1312 latinum
476 1248 645 1330 verteret',
663 1248 758 1312 idest
772 1249 973 1312 «humidum
984 1259 1015 1312 et
1027 1250 1144 1313 molle²
1155 1253 1242 1332 quod

123 1356 217 1418 facile
235 1357 320 1435 fingi
334 1357 450 1437 possit,
469 1364 500 1418 et
513 1355 697 1436 quamlibet
714 1356 904 1417 informem
924 1359 1109 1435 configures
1126 1384 1156 1420 ».
1174 1359 1243 1421 Nec

124 1464 243 1526 rectius
261 1487 277 1518 «
290 1464 507 1544 bitemporem
520 1487 534 1516 »
548 1463 644 1524 tinxit
656 1483 663 1524 :
677 1479 748 1542 quae
760 1463 851 1525 enim
860 1463 1020 1525 vocabula
1031 1483 1069 1526 ea
1081 1465 1244 1545 particula

125 1571 153 1629 tt
167 1577 198 1632 et
212 1569 318 1632 altero
333 1568 494 1632 vocabulo
510 1574 671 1647 constant,
689 1567 743 1630 his
759 1567 918 1630 declarari
934 1569 1018 1630 solet
1029 1569 1157 1650 aliquid
1172 1589 1243 1634 esse

124 1677 293 1756 geminum
313 1677 437 1738 aut-bis
459 1679 494 1737 in
515 1695 582 1738 una
602 1675 779 1755 eademque
800 1693 836 1738 re
857 1673 1011 1737 exstare³.
1037 1675 1244 1757 Bitempores

40 1857 43 1861 Ι
123 1785 224 1860 igitur
237 1780 370 1845 vocales
386 1785 516 1863 proprie
529 1782 636 1860 magis
652 1781 770 1862 longae,
788 1782 822 1843 id
839 1788 887 1844 est
902 1784 1072 1873 inquibus
1088 1784 1152 1846 duo
1169 1793 1245 1846 sunt

125 1887 303 1970 tempora⁴,
321 1889 583 1951 nominarentur.

168 1998 331 2082 Δίφθογγον
348 1996 457 2058 Graeoi
472 1996 681 2078 appellabant
696 1996 777 2058 duas
791 1995 942 2059 vocales⁵
959 2001 992 2058 in
1007 2016 1113 2059 unum
1129 2016 1245 2060 sonum

126 2108 217 2184 quasi
231 2103 401 2183 conflatas,
420 2110 452 2166 et
466 2103 530 2167 hoc
545 2121 665 2166 nomen
681 2103 792 2164 Latini
806 2112 1001 2182 receperunt
1016 2110 1111 2183 atque
1127 2107 1245 2165 ‚immu-

128 2218 229 2274 tatum
251 2214 464 2274 retinuerunt
491 2206 771 2294 (diphtborrpore⁶).
797 2209 1106 2271 Animadverterant
1135 2218 1246 2271 autem

127 2319 333 2394 grammatici
350 2317 493 2394 singulis
512 2316 681 2379 vocalibus
701 2324 827 2378 certum
846 2315 956 2378 locum
975 2319 1011 2377 in
1028 2316 1246 2396 diphthongis

126 2429 218 2504 quasi
248 2427 454 2502 assignatum
487 2442 570 2486 esse.
599 2421 678 2495 Quae
710 2441 838 2503 semper
865 2424 1010 2502 priorem
1034 2423 1243 2502 obtinebant,

127 2554 181 2616 repo
188 2529 338 2611 τακτικά,
350 2549 423 2610 quae
439 2549 568 2610 semper
582 2534 808 2610 posteriorem,
823 2525 1022 2595 decretarum
1033 2529 1141 2591 Graem
1151 2549 1246 2592 voca·
1282 2573 1283 2576 κ

126 2646 236 2700 verant
251 2634 275 2699 ⁷.
302 2637 328 2697 E
345 2656 376 2701 r.
394 2635 600 2721 apo-:annaeo
615 2636 756 2698 latinum
774 2639 968 2714 praepositive
991 2637 1199 2717 vocabulum,
1228 2657 1244 2699 θ

125 2765 154 2806 v.
169 2739 383 2809 ὑποτακπικὸν
398 2741 609 2820 subjurtetvo⁸
619 2743 796 2827 deductum
808 2749 867 2823 est,
880 2745 972 2822 prius
984 2745 1118 2823 quidem
1134 2748 1243 2824 specie

124 2851 190 2912 fere
211 2850 352 2912 verbum
373 2866 412 2909 ex
433 2839 565 2930 verbo⁹‚
592 2848 732 2910 alterum
758 2858 867 2910 autem
890 2843 989 2929 paulo
1011 2850 1163 2931 liberius,
1190 2851 1248 2912 sed

125 2965 262 3037 utroque
279 2975 316 3018 re
331 2975 438 3018 verae
460 2956 717 3034 congruentibus
740 2956 980 3044 etjampridem
995 2960 1162 3038 usurpatis
1176 2975 1247 3019 ver-

125 3063 173 3124 bis
190 3087 205 3117 «
220 3081 399 3141 praeponere
415 3070 446 3124 et
462 3045 643 3141 subjacuere
660 3086 675 3116 >›
695 3063 840 3125 derivato
851 3063 885 3124 ¹³.

126 3199 177 3206 υ..

151 3267 170 3304 1.
185 3261 284 3307 Idcirco
300 3260 417 3305 videlieet
432 3261 459 3304 in
475 3271 583 3305 errorem
597 3259 715 3306 inductus
730 3263 773 3315 est,
789 3261 855 3318 quod
869 3271 920 3305 uno
937 3265 960 3306 et
979 3261 1066 3306 eodem
1081 3261 1211 3317 vocabulo,
1226 3274 1250 3305 :a

126 3331 179 3378 epa,
190 3323 271 3368 Graeci
286 3322 413 3367 interdum
425 3323 564 3376 utebantur,
576 3324 603 3366 ut
614 3321 637 3366 et
647 3333 722 3379 supra
732 3322 809 3368 dictas
821 3322 953 3368 recoleret
964 3325 1127 3368 consonantes
1142 3322 1250 3380 liquidos

126 3383 285 3441 designarent
296 3392 328 3438 (v.
340 3384 413 3438 intra,
425 3397 448 3442 p.
461 3387 503 3440 5³).

151 3453 170 3490 2.
187 3449 307 3491 Εὗπλιστθν
317 3447 350 3490 καὶ
363 3456 438 3503 ὐγρδνὴ
451 3454 516 3497 νεότης
528 3446 615 3490 [Plllffl.

151 3515 171 3552 e.
186 3509 221 3555 Gi.
233 3511 330 3566 biceps,
341 3509 459 3564 bicornis,
470 3508 573 3560 bilibris,
583 3509 736 3564 bimembris,
746 3509 824 3566 bipes
834 3510 978 3567 blsyltabus,
990 3512 1035 3554 etc.

148 3579 170 3615 4.
187 3589 196 3609 ι
208 3572 236 3617 ln
248 3571 334 3628 longis
350 3575 437 3616 natura
448 3572 486 3616 rel
503 3571 626 3626 positione
637 3571 686 3617 duo
701 3576 757 3616 sum
773 3573 891 3628 tempora.
904 3590 913 3609 n
925 3572 1051 3627 Priscian„
1064 3573 1091 3617 ΙΙ.
1102 3572 1131 3628 ΙΙ,
1142 3584 1166 3629 p.
1177 3578 1202 3618 51
1213 3585 1248 3630 sq.

150 3641 170 3679 ἶ).
186 3633 221 3680 Cf.
233 3635 308 3680 Dion·
321 3633 385 3682 Thr..
397 3645 420 3690 p.
432 3639 465 3678 lo.
476 3635 575 3689 δίφθογγας
587 3649 610 3674 :
623 3635 660 3684 δίς,
673 3639 757 3689 φθόγγος.

151 3702 170 3741 o.
187 3696 222 3742 Gi.
233 3694 336 3742 Velium
348 3696 468 3802 Longugu
479 3695 506 3740 Κ.
515 3695 565 3751 Vll,
574 3708 597 3752 p.
606 3701 640 3751 80,
652 3707 701 3752 quo
712 3696 767 3740 loco
779 3697 877 3753 διςοθῃος
889 3708 947 3742 cum
958 3698 1044 3754 graecis
1054 3696 1142 3742 litteris
1152 3697 1249 3754 legitur.

151 3763 171 3801 t.
187 3757 222 3804 Gi.
235 3759 310 3804 Dion.
321 3758 386 3811 Thr,
397 3758 433 3803 itt
452 3791 457 3802 .

151 3827 170 3866 8.
186 3821 271 3876 Prisc,
283 3823 312 3867 Κ.
324 3821 353 3874 ΙΙ,
364 3832 387 3877 p.
398 3826 433 3876 87,
445 3823 491 3866 etc.
506 3821 563 3866 Haec
579 3821 689 3875 nomina,
700 3822 749 3864 tam
765 3831 845 3875 graeca
856 3832 930 3876 quam
945 3820 1028 3878 latinu,
1040 3832 1091 3867 non
1102 3821 1199 3878 propriu
1210 3834 1250 3867 vo·

127 3883 216 3928 callum
229 3887 299 3939 sunt,
310 3883 354 3929 sed
370 3885 393 3928 et
404 3884 470 3939 apud
485 3883 665 3940 grammaticos,
677 3882 708 3927 ad
722 3881 887 3938 designandas
902 3883 995 3928 litteras
1011 3888 1052 3929 aut
1061 3883 1183 3929 vocabula
1195 3895 1251 3942 quae

127 3945 206 3990 ordini
220 3946 325 3992 cuidam
337 3946 485 4000 inserviunt,
495 3957 561 4002 saepe
571 3945 736 4002 reperiuntur.
749 3943 783 3988 (ΙΙ.
796 3944 905 3991 indicem
916 3945 1103 3992 vocabulorum.

152 4013 171 4052 9.
186 4009 244 4054 Prae
256 4025 280 4049 Ξ
292 4028 338 4065 προ,
348 4031 374 4039 -
384 4008 518 4064 positivum
530 4023 553 4048 Ξ
562 4031 589 4039 -
599 4014 695 4050 τακτικὸν.

151 4076 183 4114 10.
197 4071 316 4127 Nigidius
332 4069 439 4126 priorem
450 4069 595 4126 diphthongi
614 4068 725 4113 vocalem
744 4068 893 4124 principem,
904 4068 1005 4113 alteram
1025 4072 1106 4115 autem
1126 4067 1251 4114 subditam

127 4129 215 4177 dixisse
225 4132 337 4177 videtur.
347 4130 391 4184 (Cl.
403 4132 453 4178 Get.
468 4132 524 4187 xlx,
536 4134 578 4184 14.)
592 4131 663 4187 Apud
678 4132 796 4176 Scaurum
808 4135 889 4176 autem
900 4132 1065 4176 inveniuntur
1076 4135 1099 4176 et
1113 4131 1251 4188 praeposita

127 4195 149 4236 ot
161 4195 341 4252 praepositive,
352 4195 376 4238 et
388 4193 541 4251 praejectae,
552 4204 595 4250 pro
609 4191 766 4250 subjunctione
780 4195 898 4238 autemst
913 4191 1020 4250 subjecto
1035 4197 1059 4238 et
1070 4191 1211 4248 subjectiva.
1222 4190 1250 4236 ΙΙ,

127 4255 175 4311 Vll,
186 4267 210 4313 p.
222 4263 248 4302 16
260 4268 300 4312 se.
1221 4269 1223 4276 ’
