3124 5050
612 427 834 494 ..55m

162 570 249 633 iores
265 588 351 648 aegre
366 571 490 634 aboleri
504 570 673 653 possunt¹.
691 573 841 636 Priorem
855 575 1157 654 interpretationem
1173 573 1283 636 Latini

161 695 238 739 cum
252 696 363 741 veram
382 682 608 761 opinarentur,
630 680 775 762 liquidas
788 681 810 758 l,
827 699 869 758 m,
891 699 924 758 11,
941 699 959 741 r
978 681 1142 760 dixerunt,
1164 707 1178 736 ι
1195 682 1282 762 quod

160 787 274 846 minus
288 784 373 847 aridi
388 784 541 867 habeant,
560 793 592 848 et
614 789 651 849 in
667 788 937 867 pronuntiatione
957 785 1160 867 liquescant²
1177 807 1213 866 »3
1236 796 1282 850 et-

161 893 252 952 enim
270 917 285 948 «
302 890 355 953 hae
375 891 453 955 solae
472 886 573 977 inter]
581 900 817 956 consonantem
831 900 863 955 et
877 892 1023 956 vocalem
1042 895 1199 954 immissae
1214 912 1281 956 non

160 1015 314 1078 asperum
329 1017 447 1062 sonum
461 996 608 1062 iaciunt³
621 1019 656 1078 »3
672 1001 750 1062 inde
769 1025 783 1054 «
798 999 957 1080 syllabam
971 1000 1135 1080 positione
1149 999 1281 1078 longam

160 1104 268 1167 iacere
278 1124 345 1168 non
355 1113 505 1189 possunt,
519 1107 548 1170 si
558 1107 595 1169 in
607 1107 720 1170 eadem
731 1106 858 1187 syllaba
867 1113 1036 1187 ponuntur
1044 1123 1119 1170 cum
1129 1115 1219 1169 muta
1228 1105 1239 1136 ⁴
1249 1134 1277 1168 ».

206 1210 456 1275 immutabiles⁶
471 1221 583 1276 contra
595 1232 696 1294 prava
707 1213 897 1277 Graecorum
906 1214 1089 1277 imitatione
1104 1217 1279 1277 nominatae

161 1327 249 1381 sunt.
258 1315 463 1404 Ἀμετάὸολα
474 1320 549 1401 jure
562 1321 719 1384 dicuntur
731 1325 762 1404 λ,
776 1345 810 1406 μ,
823 1345 850 1405 ν,
863 1343 890 1406 p,
907 1345 921 1375 ‹
935 1315 984 1387 ὅτι
999 1316 1031 1386 orl
1045 1319 1236 1406 μεταὸάλλει
1251 1319 1281 1386 ἐν

160 1428 229 1502 τοῖς
245 1427 391 1511 μέλλουσι
401 1431 461 1492 τῶν
475 1426 622 1514 ῥημάτων
637 1423 708 1494 οὐδὲ
718 1425 749 1493 ἐν
763 1431 835 1504 ταῖς
848 1427 970 1492 κλίσεσι
984 1431 1044 1492 τῶν
1058 1423 1236 1512 &capescit
1248 1452 1276 1488 ».

160 1530 239 1610 Ipso
260 1539 370 1596 autem
392 1552 410 1595 a
431 1531 624 1597 Priscian0⁷
647 1535 854 1597 observatum
876 1542 935 1616 est,
960 1541 992 1597 et
1013 1553 1057 1612 tn,
1078 1541 1115 1597 ut
1136 1535 1281 1616 reliquas

159 1645 387 1720 consonanter,
400 1643 521 1703 mutari
530 1639 584 1703 vel
594 1641 694 1721 abjici
707 1641 744 1702 in
753 1639 974 1704 declinatione
988 1659 1083 1722 posse
1094 1636 1287 1725 (templum,

161 1743 287 1827 templi,
306 1741 397 1829 etc),
416 1753 447 1808 et
463 1756 485 1825 1,
502 1763 518 1809 c
533 1749 656 1810 servari
670 1741 794 1830 (caput,
812 1750 942 1830 capitia,
960 1743 1051 1830 etc).

202 1851 253 1914 De
272 1854 529 1917 consonantibus
555 1854 715 1935 denique,
737 1853 791 1915 vel
817 1857 919 1916 mutis
939 1852 992 1915 vel
1014 1852 1277 1935 semivocalibus,

157 1957 280 2020 usitata
289 1977 418 2040 quoque
430 1947 507 2024 sunt
520 1985 534 2014 «
544 1962 745 2039 praepositiva
758 1984 772 2014 ι
787 1966 820 2022 et
837 1986 852 2015 α
865 1961 1063 2040 subjunctivae
1075 1985 1090 2014 ι
1102 1960 1278 2039 vocabula,

159 2064 200 2126 de
216 2065 336 2146 quibus
350 2066 427 2129 vide
442 2085 552 2148 supra,
569 2085 602 2146 p.
619 2063 661 2128 51
679 2073 710 2128 et
724 2085 759 2128 n.
777 2063 810 2128 8.
1070 2066 1072 2070 ’

592 2349 648 2412 De
670 2347 839 2430 syllaba.

200 2565 276 2628 lam
299 2567 340 2630 ab
363 2565 562 2630 Aristotele⁸
585 2567 743 2630 definitur
765 2567 917 2655 συλλαὸή,
942 2574 973 2630 et
998 2567 1061 2631 hoo
1081 2567 1276 2632 vocabulum

157 2671 267 2734 Latini
281 2674 492 2736 immutatum
501 2667 679 2758 (syllabam)
695 2676 759 2738 sibi
774 2671 1052 2756 assumpserunt⁰.
1072 2673 1276 2756 Quamquam

155 2787 266 2842 autem
288 2783 421 2860 proprio
453 2798 552 2843 sensu
576 2781 616 2843 de
644 2781 797 2861 pluribus
820 2788 947 2845 tantum
972 2781 1133 2861 copulatis
1157 2780 1276 2844 litteris

154 2886 382 2967 usurpandum
401 2905 473 2950 esse
492 2886 668 2969 videtur¹⁰,
691 2888 816 2950 dictum
836 2894 946 2949 tamen
965 2889 1101 2951 abusive
1122 2895 1170 2950 est
1189 2896 1221 2950 et
1235 2889 1277 2955 de.

154 2992 300 3072 singulis
313 2993 493 3074 vocalibua
518 3012 592 3057 cum
611 3013 671 3075 per
692 3013 726 3057 se
746 2996 818 3057 sine
833 2995 1043 3075 adjunctione
1058 2996 1274 3075 praepositivae

153 3107 209 3162 aut
231 3100 449 3180 subjunctivae
469 3105 681 3165 consonantis
702 3103 909 3165 emittuntur.
933 3101 1031 3181 Apud
1053 3097 1274 3164 Charisiun1¹¹

181 3358 200 3395 1.
216 3350 253 3397 Cl.
264 3351 334 3396 ilion.
346 3351 410 3407 Tha,
420 3351 465 3396 Eat.
477 3350 537 3406 11111,
547 3363 571 3409 p.
583 3358 616 3406 15,
626 3352 643 3396 1.
655 3364 679 3396 n.
690 3367 718 3396 :-
733 3355 795 3409 ‘rpa
805 3355 826 3396 11
838 3356 912 3410 tipum
926 3363 951 3396 za
967 3357 1123 3407 spectata...
1136 3362 1154 3395 u
1166 3358 1274 3410 μιταςηᾶς

154 3420 189 3454 aas
205 3420 265 3470 ὐῃόν
279 3421 381 3470 χρωμάτων
393 3433 397 3442 ·
409 3421 472 3471 ilcrrp
486 3423 522 3470 γὰρ
539 3418 602 3457 inrita
620 3414 760 3462 δυσιξάλειπτά
777 3420 834 3464 ants,
851 3419 899 3458 οὕτω
913 3415 1022 3458 καὶταῦτα
1037 3415 1177 3468 insaniisse.
1192 3421 1221 3459 Οὐ
1238 3426 1274 3472 pap
1371 3446 1373 3450 -

156 3479 274 3528 μιτιὸἀλλιι
288 3476 332 3518 οὔτι
343 3485 361 3518 ir
370 3486 413 3525 ταῖς
428 3481 512 3520 rituum
523 3476 566 3518 οὔτι
577 3485 595 3520 ts
605 3486 648 3526 ταῖς
663 3483 798 3520 πτώσισιν..,..
812 3482 863 3520 Ἀπὸ
875 3478 896 3521 δέ
906 3497 926 3533 γι
936 3485 971 3521 τῶν
983 3487 1000 3520 tr
1012 3487 1094 3531 μουσικῇ
1104 3481 1207 3533 irreptant
1217 3487 1273 3521 τοῦτο

155 3541 237 3579 anatra
246 3537 354 3592 ιιφδάναις,
366 3544 394 3580 ὅτι
406 3546 453 3594 ὑγρὰ
462 3543 554 3590 κέκληται
564 3546 626 3581 ταῦτα
638 3538 672 3581 διὰ
681 3547 715 3590 τὴν
725 3543 814 3594 optineo
824 3549 858 3590 τῆς
870 3549 937 3594 pariit.
949 3555 959 3577 11

181 3603 201 3642 4.
216 3597 319 3654 Charis,
328 3599 356 3643 K.
367 3599 385 3652 1,
396 3611 419 3657 p.
429 3604 450 3643 8.

180 3665 201 3704 e.
217 3659 317 3716 Victor,
326 3660 354 3706 K.
363 3660 404 3717 Vl,
414 3672 438 3718 p.
448 3666 470 3706 6.

179 3728 201 3767 4.
217 3721 319 3776 citeris,
329 3720 345 3767 1.
356 3733 376 3768 c.

180 3790 201 3830 t.
217 3781 253 3828 Gi.
264 3783 365 3838 Victor,
375 3784 402 3829 K.
412 3784 451 3840 Vi,
462 3797 485 3843 p.
496 3792 517 3842 ’1,
528 3787 588 3841 etc,
598 3785 725 3841 Priscian,
735 3786 763 3831 K.
775 3786 803 3836 ll,
814 3798 837 3842 p.
850 3791 884 3831 21.

180 3851 202 3891 6.
215 3846 287 3891 Dion.
298 3846 362 3901 1111,
372 3859 396 3904 p.
407 3853 442 3892 14.

180 3907 365 3966 tKffipn

181 3977 201 4014 e.
216 3970 289 4019 Poet.
301 3981 322 4015 c.
333 3975 367 4016 to.

180 4038 200 4074 e.
215 4032 269 4076 Jam
280 4031 346 4088 apud
356 4032 478 4078 Lucilium
488 4032 540 4087 (nd.
552 4031 646 4083 lluller.
657 4045 679 4090 p.
690 4033 726 4087 41)
736 4036 760 4078 et
769 4032 905 4078 Varronem
916 4031 943 4085 (V
945 4031 985 4086 Ili,
996 4035 1031 4084 40)
1041 4032 1177 4076 invenitur.

181 4097 214 4135 10.
232 4097 283 4136 ‘Axi
298 4102 334 4136 τοῦ
347 4099 489 4148 συλλαμβάνειν
503 4105 528 4138 τὰ
542 4103 654 4151 γράμματα,
666 4096 741 4149 Serv-9
751 4095 880 4140 Comillelii.
892 4092 920 4139 t'n
934 4094 1033 4146 Donat„
1042 4093 1070 4138 Κ.
1086 4092 1124 4146 IV,
1134 4105 1157 4151 p.
1168 4098 1216 4148 423,
1228 4095 1274 4138 ele.

155 4152 189 4198 ct.
200 4153 380 4262 111ἓ11ὶ1111.,ρ,
392 4163 430 4212 163
440 4155 566 4212 Priscian,
576 4156 603 4202 Κ.
615 4157 642 4213 11,
654 4169 677 4214 p.
688 4163 723 4213 44,
735 4159 782 4202 otc.

181 4223 214 4262 11.
252 4249 257 4260 .
280 4228 321 4274 ,p
333 4224 365 4262 11.
