3124 5050
587 474 809 538 ..37-

141 637 212 681 eam
227 638 264 681 ex
279 619 399 681 iisdem
414 619 562 681 lontibus
578 619 720 682 derivari
735 626 899 699 appareat.
915 616 979 680 Cui
993 621 1132 699 tempori
1149 627 1258 682 autem

139 726 309 788 referenda
328 728 383 806 sit,
407 743 476 788 non
499 725 631 788 definiri
654 734 773 806 potest,
797 727 863 787 nisi
883 726 1093 805 Dositheum,
1111 744 1185 789 oum
1210 733 1259 788 ter

139 847 260 892 nomen
282 829 469 893 Sacerdotis
492 831 529 891 in
553 831 703 912 exemplo
724 830 885 911 proferat¹
912 839 944 894 et
966 831 1131 894 Donatum
1157 831 1259 896 semel

139 937 316 1017 nominet²,
334 957 401 1001 non
416 946 490 1000 ante
506 938 654 1001 medium
674 938 722 1000 IV
738 938 897 1002 saeculum
912 941 1085 1019 scripsisse
1101 939 1260 1019 colligen-

140 1043 216 1106 dum
232 1053 293 1108 est.

152 1185 155 1191 ·
183 1150 254 1213 Sub
268 1151 370 1213 finem
384 1151 534 1230 ejusdem
553 1150 678 1232 saeculi,
702 1150 903 1232 Symmacho
923 1145 1097 1234 (eae-415)
1115 1147 1256 1230 junior⁸,

139 1264 263 1319 aetatem
291 1256 366 1319 tulit
393 1257 530 1320 Servius
555 1258 756 1338 Honoratus,
774 1261 834 1338 qui
857 1257 1000 1336 Vergilii
1024 1261 1259 1321 commentario

139 1365 313 1425 maximam
333 1364 421 1444 apud
440 1372 588 1444 posteros
610 1365 731 1426 lamam
751 1372 919 1426 assecutus
941 1373 1001 1428 est.
1020 1364 1113 1426 Idem
1132 1367 1258 1444 primus

140 1470 287 1540 omnium
307 1469 347 1530 ad
367 1470 568 1531 adnotandas
595 1479 626 1532 et
648 1469 858 1550 explicandas
880 1471 1001 1533 Donati
1026 1479 1110 1532 artes
1127 1489 1258 1550 operam

140 1594 229 1637 suam
245 1577 397 1639 contulit.
416 1576 456 1637 In
477 1580 586 1656 priore
606 1585 696 1658 parte
719 1577 790 1657 ejus
813 1601 827 1630 «
853 1581 1080 1640 commentarii
1098 1578 1135 1638 in
1149 1577 1259 1639 Dona-

140 1689 207 1742 tum
225 1705 239 1735 »
258 1681 298 1744 de
314 1685 440 1744 minore
457 1690 525 1744 arte
540 1679 732 1762 tractatur⁴3
749 1686 784 1742 in
800 1681 930 1763 altera⁵,
948 1701 1019 1763 quae
1036 1687 1070 1744 in
1086 1681 1258 1745 nonnullis

140 1788 307 1850 codicibus
332 1795 362 1848 et
386 1787 474 1868 apud
498 1787 658 1866 quosdam
683 1793 912 1866 grammaticos
936 1788 1046 1868 Sergii
1060 1788 1113 1852 vel
1130 1788 1258 1866 Seregii

140 1912 258 1955 noznen
283 1912 349 1972 prae
374 1913 408 1957 se
434 1891 529 1975 iertl,
548 1895 653 1973 maJor
677 1913 729 1956 ars
754 1894 958 1975 explanatur.
981 1895 1020 1956 In
1036 1914 1165 1958 summa
1178 1913 1258 1958 vero

141 1998 275 2062 Servius
304 2001 426 2062 Donati
457 2000 606 2062 ordinem
634 2005 804 2082 sequitur,
836 2005 993 2064 omittens
1022 2019 1094 2081 quae
1128 1999 1259 2063 nullum

145 2111 413 2170 commentarium
431 2111 618 2186 requirunt,
635 2106 762 2169 Relatis
777 2116 887 2170 autem
908 2109 948 2170 ad
968 2111 1104 2171 verbum
1122 2125 1194 2186 quae
1209 2124 1259 2168 re-

140 2214 234 2292 tinet,
262 2213 399 2292 subjicit
424 2213 678 2294 explicationem
707 2214 760 2275 vel
783 2213 1049 2294 supplementum
1073 2213 1181 2293 addit,
1213 2213 1260 2273 ita

138 2327 172 2379 ut
188 2322 303 2398 opinio
318 2319 443 2398 legenti
459 2321 638 2400 injiciatur,
658 2339 732 2382 eum
747 2325 942 2400 magistrum
955 2320 1070 2398 fuisse,
1088 2324 1145 2399 qui
1160 2319 1259 2382 disci-

137 2424 234 2506 pulis,
262 2429 302 2487 in
325 2429 479 2488 nranibus
504 2428 626 2489 Donati
651 2435 735 2488 artes
764 2427 974 2508 habentibus,
1005 2427 1159 2490 enodaret
1185 2443 1257 2506 qnae

138 2531 329 2594 obscuriora
342 2531 546 2612 viderentur,
566 2531 734 2612 suppleret
750 2550 821 2611 quae
835 2535 1058 2612 praetermissa
1072 2532 1113 2594 ab
1127 2539 1258 2594 auctore

138 2644 253 2698 essent.
275 2638 358 2711 Quae
372 2657 451 2701 vero
467 2657 485 2700 a
499 2640 627 2701 Donato
647 2640 845 2720 discrepant,
871 2657 888 2701 e
908 2639 1136 2702 communibus
1152 2655 1257 2716 gram·

137 2749 331 2808 maticorunr
356 2744 402 2805 IV
425 2745 538 2808 saeculi
559 2745 706 2809 fontibus
723 2755 887 2810 emanant.
905 2781 947 2790 -
964 2745 1132 2808 Libellum
1148 2744 1257 2808 Servii

140 2873 155 2902 a
171 2850 209 2913 de
225 2848 399 2913 finalibus⁷
418 2877 433 2906 »
450 2870 470 2913 a
488 2852 621 2915 Donati
635 2856 808 2933 praeceptis
833 2870 963 2931 quoque
988 2852 1170 2932 profectum
1187 2870 1256 2914 esse

136 2959 204 3036 ipse
228 2966 344 3021 auctor
368 2959 562 3038 profitetur,
587 2977 694 3039 neque
721 2959 760 3021 de
786 2976 824 3021 eo
850 2967 906 3020 aut
931 2959 969 3020 de
991 2957 1159 3039 opusculis
1184 2975 1256 3038 quae

137 3073 321 3143 sequuntur
336 3065 423 3143 apud
441 3051 606 3126 Karnion⁸
623 3066 785 3128 disserere
802 3082 908 3145 operae
923 3065 1067 3144 pretium
1082 3073 1142 3127 est.

179 3169 446 3235 Commentarius
463 3172 574 3234 Servii
589 3180 711 3234 tantam
732 3172 820 3253 apud
834 3175 1063 3251 grammaticos
1080 3173 1256 3234 auctorita-

137 3283 200 3338 tum
215 3278 363 3357 collegit,
381 3287 418 3340 ut
433 3297 505 3358 quae
522 3282 556 3340 in
573 3297 611 3342 eo
626 3257 741 3342 insunt
756 3283 792 3341 in
806 3280 890 3342 alios
906 3279 1056 3358 ejusdem
1072 3281 1257 3356 argumenti

161 3526 180 3563 1.
195 3519 221 3564 Κ.
233 3520 284 3574 Vll,
296 3531 322 3576 p.
334 3526 380 3564 aee.

161 3585 180 3624 ‘a
195 3581 239 3635 ld,
251 3593 275 3638 p.
286 3586 335 3624 aaa.
350 3599 359 3618 n
371 3582 524 3639 Quamquam
536 3583 566 3628 do
581 3583 673 3628 Donato
684 3583 785 3640 quidem
796 3583 848 3628 scio
859 3582 966 3628 dubitari
979 3584 1150 3638 glossandum
1164 3593 1193 3626 ea
1202 3593 1258 3639 quat

135 3642 180 3688 hoc
199 3643 304 3688 nomino
319 3645 433 3699 apposito
449 3644 541 3701 scripta
556 3647 614 3690 sunt
629 3646 659 3690 ab
679 3645 732 3702 ipso
747 3645 862 3691 Dositheo
876 3656 908 3688 an
923 3645 953 3688 ab
968 3643 1016 3689 alio
1031 3644 1191 3701 grammatico
1203 3649 1258 3700 post

136 3713 190 3747 eum
202 3705 285 3749 addita
296 3706 354 3749 sint.
367 3723 376 3742 ι
387 3705 415 3750 Κ.
425 3706 475 3760 Vll,
488 3718 510 3762 p.
522 3712 568 3752 375.

160 3771 180 3810 3.
197 3766 312 3824 Fingitur
327 3767 395 3811 enim
406 3780 420 3812 a
430 3767 553 3813 Macrobio
568 3769 690 3821 (Satura,
700 3769 718 3822 l,
729 3773 749 3822 i,
760 3769 794 3821 15)
803 3784 813 3804 α
824 3767 889 3812 inter
903 3770 1076 3824 grammaticos
1087 3767 1213 3813 doctorem
1223 3781 1259 3813 re-

136 3838 193 3874 cens
209 3828 360 3886 professus»
378 3841 435 3876 cum
453 3831 599 3886 Symmacho
615 3836 639 3876 ot
655 3830 736 3876 Vettio
754 3829 897 3875 Praetextalo
914 3839 944 3881 (a.
962 3835 1002 3876 185
1018 3833 1122 3884 mortuo,
1140 3828 1232 3875 Teuffel
1243 3833 1258 3886 ³,

136 3899 162 3933 110
171 3895 219 3944 aar,
230 3893 251 3946 1)
262 3901 403 3936 sermonem
416 3893 537 3938 conferre.
549 3892 584 3939 Cf.
594 3893 692 3948 lanum,
702 3891 808 3937 Macros.
819 3901 903 3948 opera,
914 3891 1060 3948 Prolegom„
1070 3903 1094 3949 p.
1104 3904 1173 3937 xxix.

159 3957 179 3994 a.
194 3951 221 3996 Κ.
233 3951 274 4006 lv,
284 3965 309 4010 p.
319 3959 420 3998 aon-ars.
437 3959 440 3964 ·

142 4029 145 4035 ·
160 4017 180 4058 o.
195 4013 238 4068 ld,
249 4026 273 4071 p.
283 4020 383 4058 aas-aas.

160 4080 180 4119 6.
195 4075 239 4128 Id,
249 4088 274 4132 p.
287 4090 331 4118 nu.

159 4142 178 4180 a.
194 4136 238 4191 ld,
249 4149 273 4193 p.
283 4144 381 4184 ares-ass.

160 4203 179 4244 8.
194 4199 228 4244 bc
239 4203 340 4244 contum
352 4201 437 4246 metris
448 4203 480 4259 (p.
490 4208 585 4251 aio-457,
596 4218 602 4256 ς
613 4201 643 4247 de
654 4202 738 4246 metris
752 4200 845 4246 Horatii
855 4201 888 4255 (p.
900 4201 1012 4254 aeti-172„
1024 4198 1054 4244 de
1068 4197 1157 4253 littora,
1168 4199 1199 4244 do
1210 4198 1258 4256 syl·

136 4258 197 4315 laba,
208 4261 239 4308 dc
249 4261 364 4319 podibus,
376 4262 406 4308 do
416 4264 572 4318 accentibus,
582 4263 612 4308 de
623 4263 782 4309 distinctione
793 4259 985 4308 commentarius
996 4263 1030 4316 (p.
1040 4261 1145 4315 415485).
