3124 5050
761 493 961 558 „2..

300 640 437 717 vissent,
456 647 487 700 et
502 640 537 700 in
551 639 665 702 formis
680 639 762 718 ipsis
777 640 863 701 inter
879 639 1024 701 diversas
1040 639 1166 718 species
1182 638 1420 702 distribuendis

300 745 390 808 haud
409 747 487 808 satis
508 745 723 808 subtilitatem
741 747 900 808 vitassent
924 745 1142 824 luxuriosam,
1167 746 1196 806 si
1217 745 1291 826 quis
1310 745 1419 808 obser·

299 853 424 916 raverit
439 861 558 934 quanto
574 853 768 915 1111111111
779 851 905 932 judicio
915 854 956 914 ab
966 851 1036 914 illis
1050 851 1180 914 saeculis
1190 869 1262 932 quae
1272 851 1418 914 medium

299 975 405 1021 aevum
430 959 633 1040 appellamus
655 959 696 1020 ad
717 967 863 1022 nostram
883 977 987 1039 usqua
1008 959 1269 1021 recentissimam
1290 965 1417 1020 aetatem

298 1064 358 1127 illa
367 1067 410 1127 sit
421 1065 597 1145 elaborata,
608 1067 819 1146 supervacuis
830 1064 1076 1144 impedimentis
1086 1073 1268 1143 exonerata,
1280 1063 1416 1145 ejusque

298 1171 370 1249 ipso
391 1173 484 1252 quasi
503 1174 612 1234 animo
632 1173 832 1253 introspecta
852 1179 884 1235 et
903 1173 1075 1252 patefacto,
1098 1172 1139 1234 ad
1158 1172 1290 1249 fastigia
1309 1171 1415 1251 philo·

298 1277 422 1357 sophiae
448 1285 575 1358 evecta3
598 1281 655 1359 qni
680 1280 716 1340 in
742 1298 869 1342 summa
891 1278 977 1342 illud
1000 1279 1219 1356 grammaticae
1240 1280 1415 1342 aedilicium

296 1386 426 1466 viderit,
443 1386 603 1466 quomodo
616 1387 655 1448 ab
669 1387 746 1448 imis
755 1386 977 1448 fundamentis
987 1386 1029 1448 ad
1044 1386 1079 1447 id
1090 1385 1176 1466 quod
1187 1385 1317 1448 culmen
1328 1371 1415 1447 nunc

295 1491 435 1554 babetur
453 1499 676 1556 constructum
696 1493 754 1570 sit,
779 1493 808 1552 is
828 1493 973 1572 proiecto
996 1499 1028 1554 et
1048 1499 1155 1554 tantos
1176 1499 1222 1554 tot
1243 1491 1415 1572 praeclaro-

294 1617 368 1659 rum
388 1599 534 1660 virorum
552 1607 687 1661 11111111
707 1599 749 1660 ad
766 1599 937 1660 veritatem
957 1597 1196 1679 assequendam
1214 1617 1282 1660 non
1301 1599 1414 1659 mirari

295 1721 362 1768 nen
375 1706 507 1784 poterit,
526 1713 557 1766 11
575 1713 702 1784 partem
720 1705 868 1767 historiar
888 1705 1027 1766 humani
1047 1705 1175 1784 ingenii
1195 1705 1329 1784 ediscet,
1351 1723 1415 1786 qua

293 1809 387 1871 nulla
409 1811 544 1890 majoris
567 1818 615 1873 est
638 1812 798 1873 momenti
822 1811 1022 1892 majorisque
1044 1810 1211 1888 utilitatis,
1238 1812 1413 1891 ipsumque

293 1915 475 1979 humanum
498 1917 671 1996 ingenium
693 1919 728 1980 in
748 1916 808 1980 illa
828 1918 922 1998 quasi
943 1917 1055 1978 divina
1080 1917 1238 1998 loquendi
1260 1916 1414 1980 facultate

293 2024 414 2084 rectius
430 2021 594 2104 altiusque
609 2031 795 2101 cognoscet.

337 2128 409 2190 Tali
431 2131 576 2191 materiae
598 2148 708 2209 parem
731 2130 828 2192 edere
849 2130 1034 2207 historiam,
1058 2147 1186 2207 magnae
1210 2131 1345 2210 quidem
1370 2132 1413 2193 111

295 2235 419 2314 laudis,
443 2236 499 2298 sed
519 2244 647 2317 quanta
666 2236 764 2299 molis
784 2243 816 2298 et
834 2237 1005 2299 industriae
1024 2234 1031 2297 1
1053 2235 1122 2314 Ego
1141 2255 1218 2300 vero
1239 2237 1410 2300 Horatiani

291 2343 444 2422 praecepti
468 2352 647 2406 memoret
670 2344 750 2423 quid
770 2342 917 2406 valerent
937 2344 1044 2404 umeri
1067 2341 1156 2405 haud
1177 2344 1350 2422 ignorans,
1374 2345 1410 2406 in

290 2449 809 2532 1111111111111111,1111111111
825 2451 1053 2530 grammaticas
1068 2451 1244 2530 pertinent,
1263 2451 1410 2513 studium

290 2554 452 2618 collocare
472 2558 619 2619 animum
639 2557 767 2619 induxi.
785 2557 847 2617 His
868 2558 915 2618 ita
932 2575 1027 2618 aures
1043 2565 1074 2618 et
1088 2559 1246 2619 memoria
1265 2565 1410 2619 nostrae

290 2663 402 2740 pueris
417 2681 601 2742 assuevere,
614 2672 662 2744 ut,
679 2663 767 2725 unde
782 2665 877 2725 nobis
888 2664 1022 2724 vernant
1033 2671 1065 2724 et
1076 2661 1158 2742 quid
1172 2663 1235 2724 sibi
1246 2663 1350 2725 velint
1365 2665 1409 2725 11-

287 2767 497 2847 gnificentve,
516 2787 659 2850 quaerere
674 2787 790 2850 parum
805 2787 969 2832 curemus.
988 2768 1054 2830 Sed
1069 2786 1182 2830 eorum
1199 2770 1362 2846 originem
1377 2779 1409 2834 et

289 2893 420 2937 sensum
443 2876 616 2956 explicere,
635 2876 1193 2955 11111111111111111111111111111
1213 2877 1339 2940 nullius
1361 2887 1407 2940 ta·

287 2998 365 3042 men
380 3000 450 3044 esse
465 2981 619 3044 utilitatis
638 2982 775 3045 credidi.
793 2983 905 3044 Rebus
920 2983 1011 3044 enim
1025 2984 1125 3044 verba
1143 2991 1299 3045 resonant
1314 2987 1407 3064 quasi

286 3088 460 3167 imagines,
479 3097 510 3151 et
531 3089 601 3152 haec
620 3091 675 3170 qni
695 3089 816 3151 melios
832 3089 1013 3167 intelleget,
1031 3091 1067 3149 in
1087 3088 1157 3150 illis
1173 3088 1406 3168 intellegendis

287 3193 491 3274 aliquantum
504 3213 696 3274 progressus
708 3199 782 3258 erit.
795 3194 890 3257 Unde
902 3194 1018 3257 saltem
1030 3203 1100 3256 orta
1115 3197 1182 3257 sint
1196 3199 1407 3274 grammatica

287 3300 454 3377 vocabula,
469 3319 532 3380 quo
547 3321 646 3364 sensu
660 3309 827 3382 usurpata,
846 3301 1030 3379 ostendere,
1045 3301 1123 3381 quid
1139 3301 1230 3363 aliud
1246 3303 1313 3364 nisi
1329 3323 1406 3384 qna-

287 3407 361 3468 dam
380 3407 628 3470 adumbratione
649 3411 755 3489 prima
774 3409 993 3486 grammaticae
1008 3406 1103 3469 illius
1124 3407 1272 3471 bistoriae
1288 3409 1406 3473 ducere

285 3511 486 3575 lineamenta
500 3511 516 3575 ‘?

330 3619 370 3680 In
385 3618 448 3682 hoe
468 3629 576 3682 autem
590 3620 704 3683 libello
719 3619 878 3682 vocabule
896 3621 1123 3682 tantummodo
1139 3619 1312 3699 explanare
1334 3640 1404 3683 sus·

286 3727 359 3806 cepi
378 3726 464 3804 apud
484 3725 618 3788 Latinos
636 3730 766 3804 usitata,
789 3745 830 3788 ne
850 3727 1036 3788 uberiorem
1058 3745 1155 3806 quam
1174 3744 1322 3805 promae
1339 3728 1403 3789 line

284 3832 444 3895 hodierno
463 3835 634 3895 materiam
653 3832 877 3913 amplecterer.
902 3832 971 3894 Neo
989 3850 1042 3894 me
1062 3833 1157 3912 fugit,
1181 3834 1210 3895 si
1229 3833 1270 3895 ad
1292 3842 1404 3895 nostra

283 3937 402 4017 gallica
413 3940 627 4001 exaniinanda
640 3938 778 4001 lectores
789 3939 992 4017 inritassem,
1006 3941 1197 4002 attentiores
1208 3940 1335 4002 animos
1350 3959 1402 4002 me

283 4045 470 4108 habiturum
482 4047 598 4110 fnisse.
611 4046 676 4108 Sed
686 4046 756 4108 lraec
770 4064 837 4107 non
849 4045 1004 4124 explicari
1017 4054 1165 4126 possunt,
1179 4047 1245 4108 uisi
1256 4048 1402 4109 excussis

284 4153 375 4230 prins
390 4159 420 4213 et
435 4152 608 4215 illustratis
624 4154 738 4230 graecis
753 4170 790 4213 ao
810 4150 935 4213 latinis.
953 4152 1071 4214 Latina
1085 4159 1197 4214 autem
1212 4159 1278 4214 tam
1293 4153 1403 4215 vicina

283 4267 370 4339 sunt,
387 4267 423 4322 nt
437 4261 473 4321 in
488 4261 530 4322 iis
542 4260 612 4340 jam
626 4266 737 4322 nostra
751 4257 932 4338 videamus,
951 4277 1012 4322 uec
1028 4266 1189 4321 tantuma
1205 4259 1319 4336 graecis
1335 4259 1401 4321 dis·
