3214 5054
740 451 962 518 ..92-

291 597 455 661 Paulatim
471 605 580 660 autem
596 604 627 660 et
641 599 825 662 accuratius
840 597 1087 660 attendentibus
1101 598 1241 660 occurrit
1256 597 1293 658 in
1309 615 1415 660 enun-

291 703 381 766 tiatis
396 699 482 788 (qnae
497 702 627 791 ῥήματα
646 699 864 787 dicebantur),
882 705 925 766 iis
939 701 1109 766 vocabulis
1123 721 1196 784 quae
1215 721 1306 766 nunc
1321 703 1415 764 cerba

292 805 386 894 (gall.
407 813 449 873 tes
472 809 588 894 cates)
610 810 827 892 appellamus,
850 812 1035 891 principem
1055 810 1165 874 locum
1184 828 1268 891 esse,
1285 819 1324 873 ut
1341 827 1415 890 quae

292 918 360 980 vim
381 925 412 980 et
430 919 575 980 animam
595 917 751 982 dictionis
770 917 966 998 plerumque
986 919 1193 980 continerent
1217 937 1225 979 :
1249 917 1416 978 iudanon

294 1023 367 1086 sine
382 1023 502 1086 idonea
515 1041 613 1087 causa
627 1021 768 1111 ῥήματος
783 1043 904 1088 nornen
914 1025 954 1086 ad
969 1024 1167 1104 praecipuam
1181 1029 1308 1103 partem
1322 1021 1418 1084 illlus

294 1127 411 1192 latiore
425 1130 518 1209 pctus
532 1147 632 1192 sensu
647 1131 760 1192 usitati
775 1128 811 1216 psi
817 1153 917 1216 ματος
931 1131 1072 1211 transiit,
1090 1130 1225 1192 confuse
1240 1127 1376 1210 quidam
1386 1132 1417 1190 et

295 1235 389 1318 quasi
403 1236 655 1313 tergiversanter
668 1235 753 1316 apud
769 1235 942 1299 Platonem
959 1242 990 1298 at
1004 1234 1215 1299 Aristotelem
1228 1234 1249 1316 ¹,
1262 1235 1418 1298 distincte

296 1343 440 1424 demum,
458 1349 494 1406 ut
507 1342 649 1425 videtur,
666 1343 754 1424 apud
771 1343 912 1408 Stoicos.
925 1343 969 1408 At
981 1344 1148 1407 communi
1162 1360 1226 1404 usu
1240 1341 1329 1404 alius
1339 1359 1425 1422 quo--

296 1468 359 1530 que
374 1447 514 1536 ῥήματος
528 1467 645 1513 sensns
660 1458 740 1532 erat,
759 1457 791 1513 et
805 1468 843 1514 ao
859 1451 994 1514 nomine
1010 1450 1245 1528 designabatur
1258 1448 1420 1511 orationis

294 1554 417 1618 vocalis
431 1554 490 1618 illa
504 1574 591 1637 pars,
608 1562 644 1620 ut
659 1557 776 1619 definit
788 1557 893 1620 Varro
903 1554 926 1636 ¹,
947 1573 1020 1636 qnae
1029 1562 1062 1619 et
1075 1557 1220 1618 indivisa
1234 1562 1266 1618 et
1280 1555 1423 1616 minima

295 1671 356 1742 ost,
380 1667 477 1742 atquc
499 1681 518 1724 a
537 1662 665 1726 Latinis
686 1665 823 1727 verbum
845 1664 1026 1726 dicebatur.
1043 1662 1158 1744 ltaque
1180 1680 1257 1725 omn
1276 1678 1424 1739 graecunr

293 1765 380 1854 ῥῆμα
401 1785 494 1830 suam
515 1769 552 1830 in
574 1769 724 1848 linguam
748 1772 774 1832 ii
798 1771 976 1834 transferre
999 1768 1195 1850 voluerunt,
1220 1767 1424 1831 vocabulum

295 1874 405 1953 ipsum
420 1875 530 1954 potius
546 1895 644 1956 quam
659 1877 731 1957 ejus
747 1895 880 1940 sensum
895 1885 927 1940 at
936 1878 1005 1940 vim
1020 1877 1203 1956 exprimere
1214 1877 1337 1955 conati,
1355 1892 1424 1935 cer-

297 1981 368 2041 tam
390 1999 507 2060 parurn
531 1989 604 2063 apte
630 1984 812 2048 dixerunt:
839 1986 927 2064 quod
951 1991 1065 2065 postea
1088 1984 1163 2046 ideo
1188 1983 1421 2062 defenderunt,

298 2088 391 2167 quasi
408 2112 422 2141 ι
440 2089 539 2152 verbo
558 2115 571 2143 a
590 2091 797 2172 frequentius
810 2098 982 2154 uterentur
990 2089 1012 2172 ³,
1027 2098 1058 2152 ct
1071 2115 1086 2144 c
1100 2091 1249 2153 omnimn
1264 2090 1424 2152 orationis

299 2194 441 2272 partium
452 2212 660 2258 communem
671 2198 932 2260 nominationem
942 2215 1001 2276 per·
1010 2196 1239 2260 excellentiam
1249 2195 1321 2257 haec
1331 2195 1426 2275 quasi

302 2301 433 2377 egregia
447 2301 613 2380 propriam
623 2299 635 2330 ⁴
647 2327 661 2356 »
671 2303 747 2383 J'ure
761 2303 955 2382 possideret.
968 2303 1134 2366 Eaautam
1146 2303 1313 2366 excusatio
1326 2319 1427 2381 quam

301 2423 378 2468 vero
394 2413 426 2468 et
440 2408 560 2470 rationi
575 2427 692 2487 parum
706 2419 927 2472 consentanca
941 2411 994 2491 sit,
1018 2409 1241 2473 demonstrare
1256 2427 1326 2472 non
1341 2425 1423 2488 opus

302 2517 351 2572 est
359 2509 381 2572 ⁵.
395 2511 561 2594 Quicquid
576 2515 611 2576 id
626 2523 685 2596 est,
698 2515 857 2579 Varronis
871 2523 964 2578 aetata
979 2516 1105 2576 ccccm
1116 2532 1153 2577 eo
1164 2533 1264 2578 sensu
1273 2515 1425 2578 nondum

302 2618 339 2678 in
352 2635 416 2680 usu
432 2609 599 2682 communi
613 2641 685 2684 esse
700 2623 778 2686 inde
792 2622 907 2700 colligi
921 2627 1039 2702 potest,
1057 2621 1144 2702 quod
1159 2638 1244 2701 saepo
1260 2621 1295 2683 id
1315 2639 1376 2702 per
1390 2639 1424 2684 se

302 2722 392 2785 haud
410 2724 535 2788 clarum
551 2727 688 2809 judicat,
711 2747 786 2792 cum
806 2729 837 2791 ci
857 2730 927 2791 siva
947 2724 1141 2806 tcmpcrctc⁶,
1159 2729 1229 2790 sive
1249 2726 1425 2815 circumlo-

303 2830 481 2912 cutionem,
500 2833 580 2910 quod
593 2842 728 2912 tempora
747 2831 972 2915 cdst'pcificot',
990 2835 1158 2914 adjungat.
1175 2834 1224 2896 Eo
1242 2841 1355 2895 tamen
1367 2851 1424 2896 vo·

304 2935 420 2998 cabulo
445 2937 517 3000 sina
540 2937 611 3000 ulla
637 2939 738 3020 hujus
767 2942 899 3020 genem's
928 2940 1139 3020 adjunctione
1169 2957 1284 3002 omnes
1311 2946 1426 3020 postea

304 3043 506 3118 grammatici
522 3052 671 3107 utuntur.
974 3045 976 3049 ’

732 3295 788 3358 De
804 3295 995 3372 personis.

351 3479 396 3544 Ut
411 3483 446 3544 in
459 3482 592 3563 fabulis,
610 3485 659 3546 sic
672 3487 709 3544 in
724 3483 871 3546 oratione
887 3491 953 3546 tres
974 3485 1068 3564 quasi
1089 3491 1198 3562 partes
1218 3481 1292 3561 agi⁸
1307 3489 1341 3546 et
1354 3501 1425 3546 ver-

305 3588 357 3649 bis
375 3588 509 3652 dalentii
523 3608 620 3670 posse
637 3589 745 3653 Graeci
760 3608 834 3654 cunr
850 3590 1171 3669 animadvertissent,
1187 3588 1258 3674 τρία
1276 3588 1426 3675 πρόσωπα

308 3732 520 3744 —1———fl

333 3826 353 3864 1.
368 3820 415 3874 Qui
425 3821 538 3878 pluribus
547 3821 609 3869 locis
619 3822 741 3878 adjectiva
749 3836 794 3882 pro
804 3823 923 3882 exemplis
933 3833 1017 3881 papam
1027 3822 1104 3882 ponit.

334 3886 354 3925 a.
369 3882 398 3936 X,
408 3888 445 3939 τις
456 3883 487 3929 cl.
498 3896 579 3942 supra,
589 3897 613 3942 p.
624 3890 658 3931 58.

333 3948 354 3986 3.
367 3943 452 3999 Prisc,
460 3945 488 3989 K.
500 3945 529 3999 11,
538 3957 563 4002 p.
572 3951 619 3991 369.

333 4011 354 4048 4.
368 4005 452 4060 Prisc,
462 4007 490 4052 II.
500 4007 540 4062 ΙΙΙ,
550 4019 574 4064 p.
585 4015 631 4053 117.

333 4068 354 4110 c.
371 4066 405 4113 CI.
416 4068 542 4114 Steinthal.
551 4067 568 4114 l.
578 4081 607 4123 c,
616 4070 645 4124 II,
655 4081 679 4126 p.
690 4074 730 4115 2³5
740 4083 776 4128 eq.

334 4131 355 4172 6.
369 4129 430 4184 VIII,
441 4136 478 4187 183
489 4131 528 4185 IX,
538 4135 577 4186 953
588 4137 635 4186 109,
645 4135 692 4177 otc.

335 4197 355 4235 7.
369 4191 441 4246 laid„
451 4192 606 4250 appellantur
615 4205 716 4250 quoquo
726 4192 801 4238 varha
810 4191 840 4238 ab
851 4204 880 4238 eo
890 4191 989 4239 dicandi
997 4189 1115 4238 vocabulo
1125 4191 1195 4246 (VIII,
1204 4192 1249 4246 44).

334 4257 355 4297 8.
370 4253 405 4300 Cl.
416 4267 455 4312 ap
465 4255 577 4310 Varron,
586 4255 648 4308 VIII,
658 4259 701 4301 20:
714 4273 723 4294 ι
735 4256 782 4309 Qui
791 4255 942 4312 loqueretur,
953 4255 983 4300 ad
995 4265 1077 4312 quem,
1087 4255 1118 4300 dc
1127 4265 1185 4311 quo.
1197 4271 1207 4291 ·
