3214 5054
768 457 1013 523 ..100-

379 597 607 678 Cominianus,
626 599 685 680 qni
694 616 763 662 non
777 619 925 665 seorsum
937 603 977 666 de
989 605 1193 684 temporibus
1204 602 1338 666 disserit
1346 617 1452 686 neque

330 707 554 787 paradigmata
573 709 717 789 exponit,
735 710 794 774 sed
809 710 949 792 explicat
965 710 1128 791 quomodo
1149 717 1297 791 tempora
1317 719 1348 774 et
1362 714 1461 776 modi-
1576 703 1577 718 ¹

330 813 523 896 formentur,
542 814 701 878 adhibet:
719 833 876 898 praesens,
893 819 1097 899 praeteritnm
1117 817 1227 898 specie
1248 819 1448 900 inchoativa,

330 922 531 1002 praeteritum
546 924 655 1002 specie
674 923 820 1004 perfecta
832 923 886 986 vel
901 922 1061 1005 absoluta,
1080 931 1172 1005 praet.
1196 941 1284 1005 spec.
1301 926 1450 988 recorda-

330 1031 398 1091 tiva
410 1027 464 1090 vel
478 1035 601 1110 exacta,
618 1028 753 1092 modum
770 1031 1005 1109 promissivum
1016 1024 1037 1091 ¹.

373 1135 533 1216 Donatus,
551 1135 752 1214 generaliter
766 1137 807 1199 de
824 1137 1027 1218 temporibus
1047 1158 1055 1198 ε
1072 1154 1229 1216 praesens,
1247 1142 1449 1219 praeteritum

329 1242 515 1306 differentia
529 1243 731 1324 imperfecta,
750 1250 881 1324 praeter,
899 1243 1007 1307 differ.
1021 1244 1176 1325 perfecta,
1194 1245 1445 1325 praete1·.diiier.

327 1345 656 1430 plusquamperfeota,
674 1347 862 1429 futurum’;
879 1349 915 1410 in
930 1349 1175 1429 paradigmate:
1193 1366 1350 1430 praesens,
1364 1369 1447 1430 prae-

328 1457 459 1516 teritum
482 1455 724 1536 imperfectum,
749 1463 878 1537 praeter.
902 1457 1054 1538 perfect,
1078 1463 1206 1536 praeter.
1229 1455 1275 1534 pl.
1294 1476 1326 1536 q.
1345 1456 1443 1537 peri,

326 1560 493 1640 futurum,
509 1559 667 1624 ulteriore
682 1561 780 1624 modo
797 1556 851 1644 (de
870 1585 885 1614 ι
902 1561 1007 1624 lectus
1022 1562 1084 1642 fui,
1103 1559 1185 1625 etc.⁸
1204 1557 1247 1646 »).

370 1665 566 1746 Anonymns
588 1668 676 1749 apud
701 1667 904 1748 Charisinm,
929 1667 1128 1746 generaliter
1150 1668 1189 1731 de
1216 1670 1444 1750 temporibus:

326 1773 453 1835 instans
464 1770 485 1853 ⁴,
512 1776 715 1852 praetentum
740 1791 815 1838 cum
840 1781 993 1856 quattuor
1016 1774 1230 1855 differentiis,
1258 1775 1447 1839 inchoativa

325 1877 379 1942 vel
402 1878 605 1960 imperfecta,
634 1874 866 1962 praete1·ita(!'),
891 1879 1090 1962 oblitterata,
1117 1881 1332 1964 recordativa,
1359 1882 1447 1944 iutu-

323 1983 430 2050 rum⁶.

366 2090 557 2173 Diomedes,
576 2092 775 2171 generaliter
785 2093 825 2155 da
841 2097 1044 2175 temporibus
1062 2115 1070 2157 ς
1087 2095 1228 2173 instans,
1241 2102 1371 2175 praeter.
1384 2097 1446 2157 im-

323 2199 420 2280 peri,
434 2199 583 2279 perfect,
597 2199 643 2279 pl.
653 2219 685 2279 q.
697 2201 847 2280 perfect,
860 2197 1047 2280 futurum⁸3
1061 2200 1101 2263 de
1113 2200 1325 2263 distinctione
1335 2207 1445 2264 antem

324 2304 595 2384 conjugationum
615 2312 757 2369 tractans
780 2327 788 2368 τ
810 2323 966 2387 praesens,
989 2313 1118 2386 praeter.
1145 2307 1328 2387 imperfect.
1354 2327 1442 2388 spec.

323 2412 469 2476 inchoat.
487 2408 603 2496 (semel
619 2412 749 2493 imperf.
769 2431 818 2492 sp.
840 2408 960 2495 inab),
978 2419 1107 2492 praetcr.
1129 2413 1204 2492 perf
1222 2431 1272 2493 sp.
1295 2413 1446 2476 absoluta

323 2515 441 2603 (semel
455 2521 539 2600 perf.
557 2538 607 2600 sp.
620 2513 718 2601 abs),
737 2526 865 2599 praeter.
882 2517 929 2599 pl.
947 2538 979 2599 q.
992 2519 1076 2599 peri.
1093 2539 1142 2600 sp.
1161 2526 1283 2598 exacta,
1296 2520 1445 2582 futurrmt

323 2623 439 2711 (semel
464 2629 598 2691 modum
622 2622 915 2711 prornissivnm)⁷3
942 2631 978 2688 in
999 2627 1279 2707 paradigmatibus
1301 2626 1444 2707 denique

323 2735 611 2814 conjugationum:
624 2751 780 2814 praseae,
792 2740 920 2814 praeter.
931 2734 1063 2814 imperi.
1075 2752 1124 2814 sp.
1137 2733 1298 2813 inchoat,
1312 2741 1441 2813 praeter.

322 2841 404 2920 perf.
424 2860 473 2922 sp.
491 2838 609 2919 absol,
633 2847 762 2921 praeter.
780 2839 826 2920 pl.
852 2859 884 2920 q.
908 2840 993 2920 perf.
1011 2858 1060 2919 sp.
1079 2839 1302 2918 recordativa,
1318 2841 1443 2918 persec-

322 2954 392 3009 tum
406 2945 549 3008 ulterius
565 2940 705 3029 (amatus
721 2947 782 3025 fui,
802 2954 863 3010 etc.
873 2941 909 3028 ⁸).

366 3051 517 3116 Plurima
544 3053 659 3115 eodem
683 3052 756 3116 loco
781 3054 917 3114 nomina
937 3054 1109 3134 proterunt
1129 3054 1274 3113 Instituta
1302 3053 1422 3114 Artium
1429 3096 1438 3129 ,

321 3163 382 3224 sub
407 3164 541 3222 nomine
566 3159 668 3222 Probi
692 3179 711 3220 a
733 3159 862 3221 'Ks1c1o
892 3159 981 3222 edita
1005 3179 1012 3221 :
1036 3175 1180 3239 praesens
1210 3158 1264 3220 vel
1292 3159 1436 3239 instans,

320 3275 448 3350 praeter.
476 3285 525 3348 sp.
554 3267 684 3347 imperf.
711 3269 780 3328 sive
805 3265 1162 3347 minusquamperieota
1183 3267 1253 3326 sive
1272 3265 1434 3342 inchoat,

319 3380 448 3452 praeter.
466 3391 515 3453 sp.
533 3372 615 3452 perf.
629 3371 683 3433 vel
694 3370 811 3450 absol,
825 3377 954 3452 praeter.
968 3389 1018 3452 sp,
1032 3371 1078 3451 pl.
1096 3390 1129 3451 q.
1145 3370 1230 3451 perf.
1248 3370 1318 3434 sive
1334 3387 1437 3433 recor-

319 3480 384 3542 dat.
402 3479 455 3542 vel
470 3485 591 3558 exacta,
610 3479 779 3558 futurum,
794 3478 936 3541 ulterius
951 3472 1119 3561 (probatus
1135 3476 1196 3556 tui,
1216 3473 1324 3561 eto.⁹).
1377 3492 1380 3495 ·

342 3779 361 3816 1.
375 3771 447 3828 Apud
459 3771 559 3826 Charis,
568 3771 596 3816 Κ.
606 3772 624 3826 Ι,
635 3782 659 3828 p.
670 3774 710 3815 ¹¹15
719 3782 773 3828 sqq.

341 3835 361 3875 a.
376 3831 404 3876 K.
415 3831 454 3886 lv,
466 3841 490 3887 p.
501 3836 548 3875 384.

340 3898 360 3936 a.
375 3892 446 3944 ibid,
455 3904 479 3949 p.
490 3898 530 3936 360
540 3903 594 3948 sqq.

339 3961 361 3999 a.
375 3954 445 4000 Atius
454 3954 529 4011 paulo
539 3964 622 4010 supra,
632 3963 749 4009 praesens.

338 4019 352 4060 a

338 4083 523 4132 6ι1,1σ

339 4147 464 4194 r..,.
573 4171 579 4184 .

338 4202 410 4246 8.

337 4270 350 4309 a
