3124 5050
569 427 792 492 ..29-

113 598 195 652 tem,
214 588 314 651 Velut
329 589 369 652 de
385 589 615 652 adverbiorum
630 585 824 668 speciebus¹
840 591 876 648 10
890 587 944 650 his
958 589 1149 650 nominibus
1164 607 1242 652 con-

114 700 268 759 sentiunt
286 717 294 757 :
312 695 493 777 qualitatis,
512 698 717 776 quantitatis,
739 697 884 774 numeri,
900 698 1071 774 temporis,
1087 694 1166 776 loci,
1184 715 1241 760 na·

113 803 231 883 gandi,
245 802 441 881 affirmandi,
454 801 712 882 demonstrandi,
731 801 879 880 optandi,
896 800 1036 880 ordinis,
1053 802 1238 884 dubitandi,

115 908 323 989 personalia,
349 907 520 987 hortandi,
546 907 788 987 respondendi,
815 924 887 988 quae
911 925 989 969 vero
1011 910 1238 989 percontandi,

115 1014 371 1094 similitudinis,
394 1013 616 1095 compellandi
640 1013 820 1094 Palaemon,
847 1032 885 1074 00
909 1014 1077 1076 Romanus
1102 1018 1241 1078 interro·

115 1121 231 1201 gaudi,
254 1121 477 1202 comparandi,
495 1121 634 1184 vocandi
653 1119 815 1204 appellat,
834 1122 1057 1198 congregandi
1076 1129 1109 1184 et
1128 1121 1239 1203 probi-

115 1229 218 1291 bendi
233 1228 402 1290 Palaemon
416 1247 516 1309 unus,
535 1247 621 1291 unus
641 1228 811 1291 Romanus
831 1227 1039 1309 praeferendi,
1057 1229 1238 1309 adnuendi,

116 1335 264 1398 causalia
283 1335 437 1398 adverbia
456 1339 490 1396 in
512 1352 649 1398 censum
663 1341 769 1399 vocat.
788 1334 868 1397 Haec
890 1337 969 1396 satis
985 1352 1057 1396 esse
1077 1333 1187 1414 credo,
1203 1344 1241 1397 ut

116 1448 273 1521 appareat
288 1459 352 1521 qua
370 1444 498 1504 ratione
518 1445 606 1504 10101
624 1443 641 1504 Ι
658 1441 757 1502 01111
774 1439 934 1504 saeculnm
949 1445 1163 1518 grammatica
1175 1438 1240 1503 lin-

116 1566 181 1627 gua
195 1554 323 1610 mutata
338 1551 393 1609 sit.
412 1548 582 1611 Romanus
597 1555 721 1628 autem,
738 1555 774 1609 ut
795 1567 812 1610 e
833 1550 1000 1628 prioribus
1017 1553 1241 1625 grammaticis

117 1673 209 1716 suam
225 1654 410 1718 doctrinam
431 1654 597 1736 hauserat,
616 1659 663 1718 sic
679 1657 918 1734 posterioribus
932 1654 1038 1718 multa
1053 1656 1241 1736 suppedita-

116 1765 163 1823 vit
180 1782 187 1822 :
205 1761 294 1841 quod
309 1761 349 1822 de
366 1759 519 1824 Charisio
533 1765 717 1842 prasertim
732 1762 946 1824 1001100101
961 1761 1042 1824 est¹.

162 1865 247 1929 Cum
269 1867 374 1930 biario
399 1867 511 1930 Plotio
537 1866 714 1931 Sacerdote
734 1869 900 1948 incipiunt
924 1869 1046 1930 infimae
1067 1870 1172 1932 aetatis
1191 1888 1241 1932 ar·

119 1973 275 2054 tigraphi,
299 1991 440 2054 quorum
461 1991 561 2055 opera
581 1973 635 2037 vel
659 1981 727 2037 tota
747 1974 910 2036 reihand
931 1974 1073 2036 multum
1088 1976 1240 2038 mutilata

120 2079 154 2140 in
175 2082 330 2143 manibus
351 2079 524 2143 habemus.
545 2081 643 2160 Apud
663 2080 742 2142 illos
762 2079 1054 2160 deprehenduntur
1074 2080 1238 2162 pleraeque

117 2184 369 2267 appellationes,
386 2204 467 2266 quas
482 2188 518 2247 in
532 2184 596 2248 hcc
610 2184 726 2249 libello
741 2188 802 2248 sub
818 2203 953 2248 examen
962 2188 1093 2266 vocavi,
1109 2205 1237 2250 omnes-

115 2291 802 2369 0000010Ρ11001000110111011010100
813 2291 1234 2373 similitudinempraebent.

115 2396 161 2459 111
173 2399 295 2462 iisdem
310 2399 400 2460 0011
415 2399 596 2479 pendentes
610 2399 812 2480 auctoribus,
832 2398 970 2460 eandem
984 2400 1052 2461 1010
1067 2401 1238 2464 materiam

116 2505 414 2586 comprehendunt,
439 2504 559 2566 iisdem
578 2522 664 2585 saepe
684 2506 794 2567 verbis
814 2513 964 2568 utuntur.
982 2503 1235 2591 Grammatistae,

116 2613 150 2671 in
171 2631 270 2674 nsum
295 2610 485 2676 scholarum
509 2612 700 2692 scribentes,
725 2610 818 2674 nulla
841 2611 987 2690 proiecto
1011 2611 1237 2675 observatione

116 2716 268 2798 nullaque
297 2717 515 2779 aestimatione
541 2736 601 2797 per
627 2735 661 2780 00
689 2717 782 2796 digni
811 2724 900 2799 0001.
929 2718 973 2779 At
997 2715 1060 2780 hoo
1084 2726 1170 2780 certe
1194 2719 1237 2782 iis

116 2823 313 2886 beneficium
328 2822 475 2904 debetur,
495 2823 582 2902 quod
596 2839 664 2884 non
679 2829 746 2885 tota
760 2819 856 2914 uobis
871 2822 1099 2885 florentiorum
1113 2831 1237 2904 tempo-

117 2945 186 2989 rum
208 2929 363 3010 disperiit
387 2932 557 2993 memoria.
583 2928 686 3011 Nam,
713 2907 868 3008 quamvis
893 2930 1001 3006 ignari
1025 2929 1236 3011 imperitique

118 3033 245 3118 fuerint,
270 3052 341 3097 000
361 3035 496 3098 omnino
516 3042 625 3100 tamen
645 3035 816 3098 doctorum
837 3035 1136 3117 grammaticorum,
1154 3054 1237 3116 quos

119 3143 368 3220 exscripserunt,
382 3141 556 3203 scientiam
570 3140 840 3203 obscuraverunt.
856 3138 920 3202 Sed
937 3143 1057 3220 saepius
1071 3145 1150 3203 suos
1161 3158 1237 3204 auc·

119 3252 199 3310 tores
214 3248 427 3312 dissimulant
444 3269 452 3310 ε
470 3248 559 3329 quod
572 3266 773 3328 magnopere
786 3249 922 3328 quidem
937 3248 1116 3311 dolendum
1131 3257 1191 3332 est,
1204 3256 1240 3314 at

119 3351 158 3414 iis
177 3353 315 3418 fortasse
336 3373 402 3419 000
426 3355 559 3417 crimini
581 3355 738 3418 dandum.
756 3353 842 3416 Nam
864 3355 1008 3417 dubitari
1027 3362 1146 3438 potest,
1170 3360 1236 3437 pri-

119 3476 225 3523 10000
241 3480 278 3525 00
295 3480 389 3524 veros
403 3469 563 3544 auctores,
581 3463 616 3524 id
631 3471 680 3524 est
694 3462 954 3541 grammaticosl
971 3469 1003 3525 et
1018 3462 1052 3524 II
1068 3471 1142 3544 post
1153 3461 1234 3526 Chr.

121 3567 237 3650 seculi,
257 3569 409 3650 plerique
424 3569 568 3634 adierint
583 3577 615 3631 et
634 3571 860 3650 cognoverint,
882 3588 925 3632 au
944 3568 1160 3653 artigraphos,
1178 3571 1237 3651 qui

120 3669 176 3735 hos
189 3675 253 3756 ipsi
266 3677 508 3758 adhibuissent,
524 3676 612 3739 nihil
630 3676 683 3740 vel
696 3696 800 3757 pauca
814 3678 1041 3740 tantummodo
1056 3685 1233 3758 mutantes,

122 3851 329 3868 5-

146 3965 164 4001 1.
178 3959 212 4005 ct.
222 3960 368 4017 charisium,
379 3963 408 4008 K.
418 3962 437 4012 l.
448 3974 471 4020 p.
483 3967 596 4020 181000,
608 3969 648 4008 110
657 3973 712 4020 sqq.

145 4023 163 4061 ²-
177 4021 340 4070 111οΝ001111
354 4023 497 4070 Marcellum
512 4028 639 4080 pretereo,
653 4024 713 4081 quia
727 4037 741 4070 0
756 4025 956 4083 «compendiosa
970 4026 1104 4075 doctrina·
1121 4023 1184 4069 nihil
1200 4036 1237 4070 as·

122 4082 216 4138 sumpsi.
230 4084 382 4132 Paucissima
396 4086 462 4131 enim
478 4085 599 4131 vocabula
613 4087 772 4142 grammatico
787 4087 830 4132 illa
843 4088 981 4144 usurpavit,
999 4097 1077 4142 eaque
1093 4083 1187 4129 nullius
1205 4085 1237 4130 ad

123 4150 198 4247 {altum
216 4148 367 4254 ppopositunt
384 4146 505 4204 utilitatis,
521 4150 548 4192 ut
565 4159 620 4204 quae
638 4147 690 4205 jam
706 4152 779 4194 anteo
798 4152 917 4206 usurpata
935 4160 988 4194 esse
1011 4146 1067 4194 aliis
1086 4146 1236 4192 testimoniis

162 4216 202 4250 um
212 4220 232 4254 01
243 4237 249 4253 .
