3124 5050
498 483 786 550 .-71-

121 632 225 695 nando
243 655 258 686 »
277 630 466 708 declinabile,
483 630 519 692 id
529 638 590 711 est,
605 629 693 710 quod
704 629 866 706 declinari
874 635 980 710 potest
991 623 1054 712 (gr.
1065 627 1236 712 κλιτικόνι)

123 739 336 801 deduxerunt.
354 737 427 800 Hoc
440 755 518 800 vero
532 736 730 799 vocabulum
751 754 820 799 non
841 735 1046 818 deprehendi
1065 744 1140 799 ante
1158 738 1238 800 Dio-

122 841 276 926 medeml,
293 861 404 924 neque
430 846 497 907 scio
522 861 564 904 an
588 843 629 904 ab
653 860 692 905 eo
718 849 864 905 creatum
888 845 942 924 sit,
967 849 1015 921 ut,
1040 844 1128 923 quod
1152 862 1238 925 saepe

123 951 206 1032 apud
230 970 306 1014 eum
331 950 622 1030 animadvertitur,
649 965 789 1028 graecam
818 948 1074 1029 appellationem
1094 953 1238 1012 exactius

122 1057 278 1120 redderet.
297 1055 405 1119 Varro
428 1054 537 1119 enim³
566 1056 742 1133 distinguit
767 1079 782 1109 ι
810 1054 874 1116 duo
902 1071 1023 1132 genera
1048 1055 1235 1136 verborum,

122 1183 221 1226 unum
235 1163 415 1243 fecundum,
435 1163 524 1244 quod
538 1163 734 1226 declinando
747 1160 869 1224 multas
890 1179 978 1224 exse
999 1163 1084 1242 parit
1100 1162 1238 1241 dispari·

123 1270 163 1333 lis
176 1271 310 1352 formas,
328 1277 366 1333 ut
384 1278 433 1333 est
452 1270 540 1348 Lego
560 1271 642 1348 Legi
662 1270 794 1349 Legem,
813 1269 862 1332 sio
881 1267 957 1349 alia,
975 1267 1115 1331 alterum
1134 1287 1238 1347 genus

123 1378 228 1455 sutile,
246 1377 337 1456 quod
352 1395 440 1440 exse
455 1377 541 1458 parit
555 1374 656 1457 nihil,
674 1383 711 1437 ut
725 1382 774 1438 est
784 1373 904 1455 Etiam,
921 1374 997 1457 Vix,
1012 1373 1104 1456 Cras,
1119 1376 1235 1455 Magis,

125 1481 199 1546 Cur.
219 1509 234 1538 ι
253 1483 448 1563 Metaphora
470 1502 548 1564 ergo
569 1501 661 1564 usus,
678 1481 749 1545 haeo
777 1483 841 1545 duo
864 1499 986 1560 genera
1003 1481 1239 1546 vocabulorum

123 1591 278 1671 designat,
297 1590 443 1670 nullum,
462 1590 572 1672 oredo,
590 1592 841 1669 grammaticum
861 1587 1013 1652 Graecum
1027 1590 1064 1651 in
1079 1608 1116 1653 eo
1131 1591 1239 1652 imita-

31 1719 33 1724 *
122 1696 199 1762 tus⁴.
216 1695 336 1778 Neque
352 1696 453 1760 talem
475 1697 675 1759 divisionem
696 1696 785 1776 apud
802 1695 910 1758 ullum
935 1695 1090 1759 Latinum
1109 1699 1240 1778 repperi

123 1810 191 1866 ante
206 1803 416 1885 Diomedem,
435 1804 505 1885 qui,
523 1811 698 1884 postquam
716 1811 825 1884 partes
844 1804 1002 1866 orationis
1022 1807 1237 1885 enumeravit,

123 1909 209 1971 addit
227 1931 235 1972 ι
255 1935 271 1964 «
290 1909 341 1970 Ex
355 1909 414 1972 his
425 1910 541 1991 primae
557 1916 711 1991 quattuor
726 1909 940 1972 declinabiles
961 1917 1048 1990 sunt,
1066 1918 1240 1990 sequentes

122 2013 405 2080 indeclinabiles⁶.
426 2041 441 2072 »
456 2015 522 2079 Sed
534 2014 709 2080 Servius⁰2
730 2039 745 2070 α
759 2015 840 2078 Tres
853 2023 962 2097 partes
978 2017 1135 2079 orationis
1150 2024 1238 2099 sunt,

122 2123 238 2203 inquit,
256 2138 333 2202 quae
349 2122 479 2184 casibus
495 2121 715 2202 declinantur,
737 2139 869 2202 nomen,
893 2140 1086 2202 pronomen,
1108 2125 1241 2203 partici-
1356 2187 1362 2198 ,

123 2227 223 2310 pium,
242 2236 275 2291 et
300 2247 369 2290 una
383 2246 457 2310 quae
472 2229 687 2311 temporibus,
704 2228 741 2291 id
760 2235 808 2290 est
821 2229 976 2307 verbum,
997 2235 1112 2292 ceterae
1127 2246 1240 2291 omnes
1350 2220 1351 2223 '

122 2342 272 2414 quattuor
292 2353 362 2398 non
378 2335 587 2398 declinantur
604 2359 619 2390 »
640 2356 647 2396 :
665 2335 761 2415 quasi
778 2334 911 2397 nulluni
924 2334 1123 2398 vocabulum
1140 2353 1240 2414 pecu-

124 2438 203 2505 liare
232 2441 276 2503 ad
309 2440 380 2504 haec
412 2441 477 2504 duo
502 2459 624 2521 genera
650 2441 853 2520 designanda
879 2441 916 2502 in
947 2459 1011 2503 usu
1037 2447 1134 2504 esset.
1162 2440 1239 2503 Alio

123 2553 227 2608 tamen
242 2545 338 2611 loco⁷
357 2572 372 2602 ι
392 2546 628 2624 indeclinabile
648 2571 663 2602 »
680 2553 836 2626 usurpat3
860 2547 918 2634 sed
932 2547 1018 2627 apud
1039 2546 1240 2628 Dionysium

119 2670 245 2733 quoque
269 2649 427 2734 dabtr0c⁸,
449 2671 517 2716 non
531 2651 672 2719 κλιτικὸν
687 2652 958 2733 deprehenditur.
975 2652 1016 2714 Iu
1035 2653 1070 2716 II
1096 2653 1238 2734 denique

118 2756 200 2820 libro
225 2761 339 2839 operis
362 2783 377 2813 ι
403 2757 514 2837 Sergii
538 2757 725 2838 explanatio
748 2761 785 2837 in
804 2756 971 2820 Donatum
987 2783 1002 2812 ι
1019 2759 1172 2840 inscripti
1192 2759 1239 2822 le·

117 2864 229 2942 gitur:
261 2889 277 2919 ι
297 2863 347 2925 De
372 2865 526 2928 omnibus
550 2865 698 2945 partibus
723 2864 882 2927 orationis
906 2863 1122 2928 declinabiles
1147 2874 1235 2947 suut,

117 2967 193 3061 etcfi.
216 2995 232 3026 ι
251 2971 336 3035 Sero
349 2971 454 3049 igitur
474 2979 506 3034 et
525 2977 598 3052 post
616 2996 631 3024 ι
649 2969 884 3034 indeclinabile
904 2971 1132 3034 »vocabulum
1149 2997 1164 3027 ι
1184 2973 1238 3036 de·

116 3075 273 3141 clinabile
291 3102 307 3133 ι
325 3084 520 3159 usurpatum
535 3096 605 3140 esse
622 3078 773 3141 arbitror.

155 3182 383 3248 Declinabilia
405 3185 552 3266 nomina,
578 3185 776 3263 pronomina
791 3191 824 3248 et
842 3185 1017 3266 participia
1043 3183 1147 3247 Varro
1168 3186 1238 3265 jam

115 3290 392 3354 animadverterat
416 3290 538 3352 habere
567 3289 633 3352 alia
655 3309 761 3353 uuum
785 3289 892 3354 solum
916 3309 1044 3371 casum,
1069 3289 1235 3373 aliattes,

115 3393 178 3458 alia
191 3403 363 3478 quattuor,
382 3395 449 3459 alia
469 3397 629 3477 quinque,
652 3395 722 3458 alia
732 3415 789 3459 sex
797 3393 831 3460 ¹⁰.
850 3395 916 3458 Sed
930 3395 1008 3458 illas
1022 3397 1159 3458 casuales
1173 3399 1237 3474 sor-

114 3593 328 3607 m

137 3722 158 3760 1.
170 3716 291 3773 Apollon.
302 3716 382 3774 oyse,
392 3717 426 3764 De
432 3727 558 3776 pronora,
568 3728 594 3775 p.
604 3723 629 3762 11
639 3715 783 3772 (scirbald).

136 3781 157 3822 a.
170 3778 199 3824 K.
210 3778 230 3834 1,
239 3791 266 3836 p.
278 3785 327 3834 ³01,
337 3780 387 3825 etc.

136 3844 156 3883 a.
171 3840 233 3896 Vlll,
245 3847 266 3886 9.

135 3906 155 3945 4.
171 3901 206 3948 cl.
218 3900 349 3958 steinthal,
359 3901 375 3948 1.
386 3913 415 3957 a,
424 3914 448 3960 p.
459 3907 507 3948 218.
518 3901 554 3950 cf.
565 3913 647 3959 supra,
657 3912 681 3959 p.
692 3908 726 3957 14,
736 3913 762 3947 n.
773 3909 793 3946 1.

135 3968 156 4010 t.
170 3964 197 4009 Ι..
207 3975 227 4010 c.

136 4030 156 4069 6.
171 4025 200 4070 Κ.
210 4025 252 4081 lv,
263 4037 290 4082 p.
300 4029 349 4070 428.

135 4091 156 4130 t.
170 4087 243 4143 Aen,
254 4093 276 4141 it,
288 4093 324 4140 11.

135 4153 157 4194 t.
171 4149 215 4194 Ed.
226 4148 312 4205 Uhlig,
321 4159 346 4205 p.
356 4153 390 4193 ⁷2.

136 4216 156 4255 9.
171 4211 200 4255 li.
210 4211 252 4266 lv,
264 4222 290 4267 p.
301 4213 349 4256 534.

136 4276 171 4319 1⁰.
184 4273 225 4330 lx,
235 4276 275 4318 ott.
