3124 5050
773 471 995 536 ..28-

324 635 411 698 mus,
422 636 498 680 cum
509 619 670 680 divitiasa
685 618 852 698 prioribus
867 615 1105 678 litteratoribus
1120 622 1153 677 ct
1168 615 1295 676 Latinis
1309 623 1340 677 et
1358 614 1451 678 Grec-

326 729 388 804 cis,
410 721 557 786 Varrone
579 731 610 784 et
631 723 793 804 Dionysio
809 723 934 784 Thrace
952 725 986 784 iu
1006 726 1135 804 primis,
1154 729 1262 802 partas
1276 738 1450 783 coacerva-

327 841 440 911 tasque
470 839 678 910 exercentes,
711 833 976 910 prestantissimi
1004 832 1068 890 viri
1097 829 1139 890 ad
1166 829 1331 908 quendam
1359 828 1450 888 haud

327 937 462 1017 quidem
477 937 614 1018 perlecti
630 936 851 1015 ahsolutique,
869 935 927 998 sed
941 953 1008 998 non
1023 935 1230 1014 despiciendi
1240 942 1327 997 certe
1338 938 1451 1014 operis

327 1045 480 1106 ellectum
495 1046 742 1120 grammaticam
757 1041 969 1120 disciplinam
989 1042 1223 1122 perduxerunt.
1242 1041 1308 1104 Sed
1323 1040 1451 1120 injuria

327 1159 509 1230 temporum
531 1149 654 1210 lactum
676 1155 736 1227 est,
760 1155 797 1210 ut
820 1148 966 1226 illorum,
990 1152 1048 1227 qui
1067 1147 1153 1211 hauc
1174 1155 1319 1211 nostram
1340 1151 1450 1210 scien-

327 1260 407 1316 tiam
428 1263 637 1334 pepereruut,
660 1254 750 1332 lihri,
772 1258 916 1333 exceptis
936 1258 1049 1334 paucis
1069 1253 1292 1334 dispersisque
1307 1261 1339 1315 et
1361 1269 1449 1333 saepo

324 1361 437 1423 dubiis
458 1361 668 1439 fragmentis,
694 1360 858 1440 deperditi
882 1364 962 1441 sint,
987 1363 1034 1422 ita
1056 1368 1093 1422 ut
1116 1360 1303 1440 conJectura
1327 1363 1449 1438 saepius

325 1485 424 1548 quam
453 1469 550 1528 certis
572 1469 772 1528 testimoniis
795 1465 971 1545 dijudicari
993 1469 1108 1546 possit,
1139 1469 1241 1528 immo
1263 1464 1353 1527 haud
1374 1481 1449 1526 raro

325 1575 461 1635 omniuo
486 1575 695 1651 ignoremus,
722 1575 797 1652 quis
821 1571 903 1651 quid
926 1570 1114 1635 contulerit.
1142 1569 1272 1633 Saeculo
1297 1571 1350 1632 ΙΙΙ
1374 1581 1449 1652 post

326 1677 407 1742 Chr.
430 1684 466 1740 in
486 1679 674 1741 scholarum
694 1681 825 1742 umbras
846 1683 1066 1758 grammatica
1087 1679 1233 1742 studium
1255 1680 1322 1741 lere
1343 1685 1449 1740 totum

325 1790 472 1866 recessit,
490 1793 521 1848 et
537 1791 737 1866 paucissima
751 1795 879 1849 tantum
895 1805 933 1848 ex
950 1788 998 1848 iis
1006 1787 1048 1848 ad
1063 1804 1123 1848 uos
1139 1793 1371 1866 pervenerunt.

369 1893 434 1957 Illo
448 1900 559 1955 tamen
579 1899 715 1956 ineunte
733 1903 789 1956 aut
809 1899 909 1956 etiam
929 1895 991 1956 suh
1005 1895 1106 1956 finem
1122 1895 1156 1956 ΙΙ
1173 1897 1276 1955 vitam
1291 1893 1383 1954 duxit
1397 1893 1449 1954 di-

325 2005 528 2063 sertissimus
548 2005 629 2063 artis
650 1997 822 2081 scriptor¹‚
847 2000 886 2063 C.
908 2001 1021 2064 Julius
1041 2002 1224 2079 Romanae,
1246 2003 1303 2080 qui
1325 2000 1450 2061 librum

325 2104 467 2193 ἀφορμαί
479 2105 533 2169 vel
554 2104 698 2192 ἀφορμῶν
718 2111 928 2187 inscriptum,
945 2109 986 2170 ad
1000 2107 1173 2172 doctorum
1187 2111 1335 2169 virorum
1349 2125 1449 2168 usum

326 2218 510 2292 composuit
520 2211 542 2274 ¹.
561 2214 677 2275 Totam
699 2219 919 2291 grammatica
940 2219 1019 2276 artis
1033 2219 1204 2276 materiam
1219 2213 1309 2276 himo
1324 2213 1449 2275 librum

326 2319 627 2400 comprehendisse,
650 2327 694 2398 et,
715 2321 756 2382 ad
776 2339 853 2382 eum
873 2320 1096 2400 scribendum,
1121 2321 1306 2382 Rauranum
1325 2318 1451 2380 multos

326 2432 488 2506 auctores,
505 2431 674 2506 inprimis
691 2426 853 2507 Plinium,
873 2427 1075 2507 adhibuisse,
1094 2425 1136 2490 Ο.
1154 2424 1324 2488 Fnoeuoe³
1339 2432 1450 2489 osten-

327 2533 386 2594 dit.
405 2533 469 2596 Eos
484 2552 560 2595 vero
576 2538 621 2595 ita
636 2538 820 2614 exscripsit,
838 2541 954 2596 utnon
969 2535 1158 2596 adverbum
1173 2539 1377 2613 sequeretur,
1391 2532 1450 2593 sed

326 2641 485 2721 cujusque
509 2640 692 2703 doctrinam
717 2649 861 2702 sumeret
887 2648 919 2704 et
942 2642 1020 2702 iude
1043 2644 1177 2720 proprio
1198 2641 1326 2720 judicio
1351 2647 1451 2719 atque

326 2745 440 2808 ordine
456 2765 551 2808 suum
569 2764 650 2826 opus
665 2747 841 2826 redigeret,
860 2765 1054 2827 expromens
1070 2747 1235 2808 interdum
1250 2749 1449 2808 seutentiam

326 2869 432 2930 suam,
449 2869 525 2913 cum
539 2859 689 2914 auctores
700 2855 787 2913 iuter
801 2871 836 2916 se
847 2853 1074 2932 dissentirent,
1087 2853 1142 2916 sed
1159 2853 1199 2915 de
1210 2870 1269 2914 sno
1284 2869 1450 2931 nusquam

326 2959 394 3019 iere
420 2961 594 3037 quicquam
615 2958 768 3019 afferens.
795 2957 974 3039 Nunquam
997 2967 1106 3020 autem
1131 2963 1167 3019 in
1191 2957 1344 3038 reliquiis
1368 2977 1451 3037 quas

327 3064 486 3125 habemus
508 3061 706 3126 Palaemonis
722 3082 844 3125 nomen
863 3064 1021 3143 laudavit,
1039 3065 1129 3144 quod
1142 3083 1180 3126 ea
1199 3069 1326 3126 ratione
1346 3064 1451 3143 expli-

327 3177 378 3232 cat
398 3166 631 3250 Mnuseuntu⁴,
657 3174 734 3250 quia
755 3194 770 3224 ι
788 3169 990 3233 Palaemonis
1010 3190 1075 3250 ars,
1097 3189 1172 3234 cum
1191 3171 1450 3250 infrequentem

327 3275 514 3339 scholarum
529 3295 627 3339 usum
637 3280 796 3355 uenisset,
809 3281 943 3339 nomine
954 3279 1024 3340 eius
1040 3278 1185 3359 dempto,
1197 3278 1283 3339 liber
1295 3275 1450 3357 publicus

327 3400 365 3445 ac
379 3387 564 3445 communis
579 3383 683 3444 iactus
699 3390 768 3444 erat
787 3406 817 3443 ».
834 3383 923 3445 Num
940 3388 985 3445 ita
1000 3402 1035 3446 se
1053 3403 1106 3445 res
1122 3384 1287 3463 habuerit,
1305 3383 1449 3446 dubitari

325 3496 445 3569 potest,
464 3507 539 3551 cum
556 3487 741 3570 Charisius,
758 3488 957 3552 Palaemonis
973 3497 1152 3570 excerptor,
1165 3494 1307 3552 auctoris
1323 3493 1377 3552 sui
1391 3507 1450 3551 no-

326 3613 403 3656 meu
427 3596 582 3676 proterat.
609 3597 649 3658 Id
673 3605 783 3659 tamen
808 3604 935 3660 certum
957 3604 1018 3678 est,
1044 3601 1079 3658 iu
1101 3598 1200 3660 rebus
1224 3599 1450 3676 grammaticis

327 3703 550 3782 nominandis,
568 3702 754 3765 Rauranum
768 3721 854 3784 saepe
870 3721 945 3766 cum
960 3703 1149 3766 Palaemone
1165 3721 1359 3783 congruere,
1375 3719 1452 3763 raro

325 3808 366 3869 ab
382 3825 419 3870 eo
434 3809 579 3888 differre,
599 3808 725 3888 aliquid
741 3817 923 3873 mutantem
938 3818 995 3872 aut
1010 3811 1185 3873 addentem
1200 3819 1256 3872 aut
1270 3809 1449 3888 neglegen-

328 4127 333 4136 .
353 4012 373 4109 l
387 4003 527 4111 lllllilllllrlc
538 4005 696 4122 llpllrlalerto
711 4067 769 4113 satis
780 4067 878 4112 attribui
890 4070 977 4125 potest,
988 4067 1036 4112 nisi
1046 4067 1113 4126 quod
1123 4068 1189 4126 apud
1203 4067 1341 4114 charisium
1357 4068 1449 4125 passim

326 4132 460 4297 mplffllLllutll
468 4189 534 4236 lolio
543 4191 661 4244 Botriano,
671 4191 783 4240 Ultorisii
793 4197 891 4238 erectore
901 4195 979 4247 (1892).

369 4283 374 4294 .
411 4261 534 4309 .c.,p.at.
