3214 5054
757 451 1001 518 -112-

722 730 777 793 De
799 727 1027 804 generibus.

363 917 578 999 Aristoteles,
609 935 807 998 quamquam
843 919 977 980 activum
1004 925 1037 980 et
1065 920 1228 996 passivum
1260 920 1439 981 verborum

317 1044 412 1105 penus
427 1025 638 1104 grammatico
661 1042 758 1088 sensu
782 1032 815 1086 et
837 1024 977 1088 consilio
1001 1042 1166 1105 nusquam
1186 1025 1387 1105 disjunxisse
1406 1033 1438 1087 et

320 1132 503 1196 enotavisse
523 1131 665 1210 videtur,
693 1138 815 1210 tamen,
843 1149 918 1195 cum
940 1131 1005 1195 hoc
1020 1132 1200 1195 discrimen
1215 1133 1252 1194 in
1266 1133 1365 1194 rebus
1380 1131 1440 1194 ob-

320 1244 476 1316 servaret,
501 1237 542 1300 ad
562 1237 597 1300 id
621 1236 780 1300 adductus
803 1245 863 1316 est,
887 1245 924 1301 ut
947 1241 1192 1318 grammaticam
1214 1256 1315 1319 prope
1338 1239 1439 1300 attiu-

319 1354 422 1428 geret,
444 1346 504 1426 qui
522 1341 558 1412 τὸ
580 1347 677 1412 ποιεῖν
696 1352 730 1408 et
747 1341 784 1410 τὸ
805 1343 940 1428 πάσχειν
959 1341 1142 1430 (θερμαίνειν
1162 1353 1194 1408 et
1212 1345 1435 1432 θερμαίνεσθαι,

318 1454 431 1542 ψύχειν
456 1460 487 1515 et
509 1447 679 1537 ψύχεσθαι)
699 1451 930 1532 distingueret.
951 1452 1123 1534 Separavit
1147 1459 1306 1534 practerea
1328 1462 1439 1514 neutra

320 1563 419 1626 etiam
438 1560 479 1621 ab
499 1561 621 1636 activis,
642 1553 677 1623 τὸ
701 1560 874 1626 διακεῖσθαι
894 1553 946 1641 (ut
966 1553 1127 1642 ὑγιαίνειν)
1153 1555 1214 1625 ἀπὸ
1235 1561 1291 1625 τού
1309 1553 1436 1625 ποιεῖνι.

322 1669 413 1732 Licet
424 1665 514 1729 enim
523 1668 560 1726 in
568 1665 622 1726 his
633 1667 792 1742 anteportis
809 1665 1050 1728 constituendis
1065 1664 1192 1728 nullam
1206 1668 1408 1729 «verborum
1421 1691 1437 1720 »

320 1779 468 1856 ipsorum
482 1773 643 1833 rationem
658 1770 823 1849 habuerit,
836 1771 915 1834 inde
931 1779 1040 1835 tamen
1054 1771 1187 1835 fluxisse
1201 1797 1216 1826 ι
1229 1773 1403 1835 verborum
1421 1797 1437 1826 ν

321 1882 519 1946 divisionem
529 1881 563 1940 in
577 1895 754 1956 «genera»
765 1879 917 1941 arbitror.
933 1877 1007 1940 lam
1020 1886 1131 1942 autem
1144 1880 1185 1941 ad
1192 1881 1440 1959 grammaticam

321 1987 427 2067 magis
441 1985 626 2066 pertinebat
642 1983 830 2048 Stoicorum
846 1985 1006 2063 doctrina,
1019 2003 1084 2066 qua
1099 1993 1252 2066 quattuor
1266 2007 1441 2071 κατηγορη-

322 2094 441 2183 μάτων,
453 2092 488 2154 id
500 2098 547 2154 est
561 2115 576 2144 «
586 2091 788 2154 verborum»
807 2099 863 2154 aut
878 2095 988 2172 potius
1007 2092 1283 2173 «praedicatorum
1296 2117 1310 2145 ε
1324 2092 1440 2154 discri-

321 2201 532 2266 minabantur
545 2200 671 2278 species
685 2218 692 2259 :
711 2196 743 2259 1⁰
756 2194 842 2283 ὀρθά,
859 2215 932 2278 quae
945 2199 1132 2261 indicarent
1143 2205 1270 2261 motum
1284 2202 1353 2261 sive
1370 2216 1440 2262 cor-

322 2309 410 2391 poris
426 2309 496 2369 sive
510 2305 613 2366 animi
629 2311 854 2368 transeuntem
869 2305 905 2366 in
915 2303 1095 2368 aliamsive
1105 2324 1175 2368 rem
1186 2308 1255 2368 sive
1266 2323 1440 2387 personam

323 2423 355 2480 et
378 2413 549 2492 obliquum
563 2409 708 2490 aliquem
728 2428 841 2474 casum
865 2411 929 2474 sibi
952 2410 1173 2493 postularent,
1200 2411 1286 2473 sicut
1302 2407 1437 2492 ἀκούειν,

324 2519 530 2603 διαλέγεσθαι,
547 2513 640 2602 ὁροῖν;
659 2515 692 2578 2⁰
708 2511 818 2601 ύπτια,
835 2535 908 2598 quae
923 2518 1075 2580 habitum
1092 2543 1107 2573 ι
1121 2520 1315 2598 passivum»
1334 2518 1441 2596 expri-

325 2631 462 2702 merent,
480 2631 517 2688 ut
537 2619 702 2709 ἀκούομαι,
720 2619 859 2708 ὁρῶμαι;
876 2621 910 2686 3⁰
928 2619 1087 2709 ούδέτερα,
1105 2641 1177 2704 quae
1192 2642 1299 2704 neque
1315 2631 1441 2686 motum

324 2732 534 2794 transitivum
568 2747 676 2808 neque
710 2731 880 2811 passivum
911 2729 1063 2794 habitum
1090 2729 1373 2812 demonstrarent,
1405 2737 1443 2791 ut

324 2841 456 2924 φρονεῖν,
482 2839 682 2922 περιπατεῖν;
703 2832 737 2896 4⁰
757 2832 1011 2920 ἀντιπεπονθότα,
1033 2842 1070 2901 ut
1084 2836 1238 2922 κείρεται,
1262 2837 1297 2898 in
1320 2837 1442 2916 quibus

323 2963 410 3010 unus
430 2951 461 3007 et
480 2944 570 3006 idem
589 2950 699 3022 ageret
719 2950 751 3006 et
768 2941 967 3024 pateretur¹.
986 2942 1091 3007 Stoici
1111 2951 1231 3025 autem,
1250 2945 1306 3024 qui
1322 2943 1442 3006 dialec-

323 3053 387 3116 tico
402 3050 575 3130 logicoque
590 3049 731 3112 consilio
745 3050 845 3113 verba
861 3050 1085 3131 observarent,
1102 3053 1139 3111 in
1154 3050 1196 3112 iis
1213 3053 1300 3113 iuter
1313 3051 1443 3113 diversa

323 3175 444 3238 genera
469 3156 707 3220 distribuendis
736 3174 870 3219 sensum
893 3156 1119 3219 tantummodo
1143 3158 1348 3238 spectabant,
1376 3174 1442 3218 non

323 3272 490 3329 externam
511 3280 640 3343 quoque
659 3263 811 3342 formam,
828 3269 865 3326 ut
880 3266 1110 3342 grammaticos
1132 3262 1308 3327 decuisset.
1326 3262 1442 3342 Neque

323 3371 409 3433 hanc
432 3375 626 3450 potestatem
650 3369 781 3448 generis
811 3369 1021 3447 significandi
1050 3368 1212 3451 peculiari
1239 3372 1374 3432 nomine
1403 3371 1442 3430 ab

323 3476 392 3538 illis
408 3478 601 3552 insignitam
616 3493 687 3537 esse
701 3474 770 3538 ullo
781 3483 930 3538 veterum
942 3475 1131 3538 testimonio
1147 3475 1323 3538 indicatur.
1339 3473 1443 3554 Cujus

325 3583 459 3663 quidem
483 3581 671 3662 appellati0,
699 3579 852 3666 διάθεσις,
878 3599 951 3662 quae
974 3588 1089 3663 postea
1113 3582 1272 3661 obtinuit,
1299 3585 1443 3663 primum

324 3690 411 3770 apud
429 3687 628 3767 Dionysium
651 3687 812 3751 Thracem
831 3688 1145 3770 deprehenditur'et
1164 3691 1198 3751 vi
1220 3707 1258 3752 ac
1276 3688 1444 3766 significa-

324 3798 413 3857 tione
423 3813 499 3858 vere
509 3798 721 3873 grammatica
729 3793 936 3876 usurpatur³.
950 3795 1119 3869 Quantum
1135 3799 1225 3858 enim
1241 3814 1280 3858 ex
1294 3796 1442 3859 breviora

323 3989 536 4000 ——nn

351 4121 371 4158 1.
386 4114 466 4172 Cotep.
475 4120 500 4169 ις
511 4113 584 4172 Sopb-
595 4113 700 4166 ἱππεία,
710 4122 735 4170 43
746 4115 776 4160 cf.
787 4114 896 4170 Classen,
907 4113 922 4161 l.
933 4127 962 4168 c,
972 4127 996 4173 p.
1008 4123 1047 4172 θοι
1057 4115 1206 4170 Griiauhau,
1216 4113 1233 4161 l.
1243 4126 1273 4163 a,
1283 4114 1302 4169 1,
1313 4126 1336 4172 p.
1347 4121 1393 4160 ιιι.

351 4181 372 4282 3.
387 4175 553 4294 μύρρεθᾶροτι,
562 4177 613 4232 vn,
623 4184 662 4232 θοι
672 4177 698 4222 R.
709 4176 826 4232 Schmidt,
836 4176 852 4222 t.
863 4188 891 4229 c..
902 4189 926 4233 p.
937 4183 970 4222 θθ.
