3214 5054
750 464 972 530 „90-

301 605 417 686 plexus
441 606 495 668 sit.
523 603 588 668 Sed
618 624 716 685 quam
744 606 889 670 feliciter
911 607 1045 684 appendi
1069 624 1163 684 pecus
1188 608 1422 684 nominaverit,

302 729 369 774 non
388 711 530 792 amplius
550 710 841 775 demonstrandum
861 719 920 776 est.
939 711 1065 775 Iisdem
1083 712 1150 773 iere
1165 711 1286 792 verbis,
1303 711 1425 791 quibus

301 815 417 896 Varro,
434 816 590 880 Verrius¹
611 817 727 898 utitur,
751 835 826 880 cum
845 818 885 880 de
902 842 917 872 ι
936 822 1029 881 ocius
1046 842 1061 872 »
1079 823 1112 879 et
1129 841 1144 871 «
1161 816 1327 897 repulsior
1344 841 1360 871 2
1378 835 1425 878 se-

301 926 432 985 cundam
451 925 648 986 cordatiorem
657 921 680 1004 ²,
703 924 743 986 de
765 923 984 986 «ocissime»
1007 926 1129 984 tertiam
1149 924 1359 1000 cordatiorem,
1383 922 1424 984 de

300 1025 402 1107 ὠκέως
414 1033 551 1108 pttmom
565 1031 816 1108 sipaificottonem
832 1030 928 1092 dicat.

345 1133 491 1199 Nomina
504 1137 664 1217 cujusque
674 1135 807 1218 gradus,
819 1153 893 1216 quae
907 1135 995 1216 apud
1004 1139 1201 1215 posteriores
1216 1134 1423 1215 artigraphos

299 1243 526 1322 inveniuntur,
552 1261 571 1304 a
596 1242 784 1306 Palaemone
805 1244 873 1323 jam
896 1249 1052 1323 usurpata
1076 1243 1180 1306 fuisse
1205 1260 1244 1304 ex
1267 1245 1322 1322 iis,
1349 1257 1423 1321 qnae

297 1349 432 1429 jamjam
453 1350 652 1431 monstrabo,
678 1349 944 1413 concludendum
968 1367 1040 1412 esee
1064 1351 1215 1411 arbitror.
1244 1348 1311 1412 Sed
1335 1349 1424 1428 apud

299 1453 504 1517 Romannm³
519 1456 664 1534 primum
681 1480 695 1508 «
713 1456 835 1532 gradus
852 1481 866 1512 a
883 1455 1079 1518 vocabulum
1101 1454 1317 1534 deprehendi.
1336 1452 1424 1516 Cum

298 1567 408 1622 autem
436 1561 566 1624 nullum
594 1561 695 1641 hujus
724 1562 891 1642 exemplar
918 1563 1007 1641 apud
1037 1560 1167 1625 Graecos
1199 1562 1421 1642 reppererim,

299 1669 411 1730 nescio
425 1685 467 1729 an
482 1667 592 1730 Latini
607 1669 673 1748 ipsi
687 1686 746 1748 per
760 1686 794 1731 se
808 1669 843 1729 id
859 1669 899 1731 de
914 1687 949 1729 re
964 1671 1177 1746 grammatica
1190 1667 1420 1749 adhibuerint,

298 1770 480 1835 Varronem
501 1775 617 1855 secuti,
640 1777 699 1854 qui
714 1774 783 1853 jem
803 1775 1029 1838 observaverat
1047 1776 1194 1854 nomina,
1218 1789 1290 1854 quae
1310 1775 1346 1835 in
1365 1791 1424 1835 au-

298 1879 398 1955 gendi
420 1896 540 1956 genere
557 1887 705 1961 poneret,
727 1882 823 1959 quasi
842 1879 967 1960 triplici
987 1898 1104 1943 sensus
1123 1881 1327 1943 incremento
1349 1897 1423 1956 gra-

300 1985 404 2046 datim
419 2003 564 2049 crescere
579 2003 686 2066 posse.

342 2092 476 2156 Primus
499 2113 576 2156 vero
600 2094 720 2171 gradus
744 2090 857 2176 (quem
883 2094 1059 2172 «gradum
1077 2118 1091 2147 »
1119 2111 1190 2156 esse
1216 2091 1422 2174 Cledonius⁴

296 2199 496 2280 quidamque
510 2199 570 2261 alii
585 2195 720 2281 negant)
735 2200 889 2261 absolutus
904 2218 924 2262 a
938 2198 1148 2273 Quintiliano
1159 2198 1181 2280 ⁶,
1198 2201 1353 2261 absolutus
1368 2201 1423 2262 vel

297 2307 425 2387 sempter
443 2325 462 2367 a
483 2304 615 2369 Gellio⁶
634 2306 756 2368 dicitnr
778 2327 786 2367 ι
809 2323 881 2386 quae
899 2305 1068 2388 vocabula,
1086 2323 1125 2368 ex
1144 2307 1259 2384 graeois
1273 2306 1423 2370 traducta

297 2406 355 2495 (of.
374 2407 502 2496 ἄπλουν,
521 2409 756 2498 ἀπολελυμένως
774 2413 862 2493 apud
876 2412 1105 2476 Aristarchum
1113 2409 1150 2494 7),
1168 2431 1297 2474 merum
1312 2413 1421 2493 adjec-

297 2520 401 2580 tivum
417 2527 449 2580 et
463 2521 667 2583 incremento
678 2525 771 2600 quasi
785 2520 926 2583 liberum
939 2539 1010 2584 esse
1026 2521 1225 2599 significant.
1238 2523 1420 2584 Primitivus

295 2625 489 2706 quoque⁸et
501 2629 623 2708 sapius
630 2627 996 2709 poetri-oas0appellatur
1005 2623 1063 2712 (oi.
1075 2629 1161 2709 apud
1172 2628 1387 2709 Apollonium
1398 2627 1420 2661 ¹⁰

295 2728 518 2816 aperie-croc),
542 2752 614 2814 quae
636 2736 795 2799 vocabula
815 2737 855 2799 de
874 2738 1065 2800 nominibus
1088 2754 1155 2801 non
1175 2737 1334 2800 derivatis
1350 2739 1419 2818 jam

294 2839 415 2902 usitata
434 2859 532 2921 supra
551 2843 708 2924 vidimus,
730 2843 993 2924 adjectivumque
1013 2846 1153 2923 primam
1173 2862 1266 2906 suam
1279 2844 1419 2907 formam

294 2943 384 3007 haud
392 2954 549 3009 mutatam
556 2950 735 3012 retinuisse
743 2949 977 3012 demonstrant.
990 2948 1162 3013 Secundus
1170 2950 1291 3028 gradus
1299 2967 1418 3029 compc-

293 3053 491 3132 rattousJ'am
501 3055 588 3134 apud
599 3055 845 3129 Quintilianum
856 3051 912 3138 (=
924 3053 1159 3140 Palaemonem)
1170 3056 1386 3138 Gelliumque
1396 3053 1418 3086 ¹¹

294 3166 524 3240 nuncupatur,
554 3167 651 3241 atque
679 3161 765 3225 hano
794 3162 1051 3242 appellationem
1078 3180 1096 3223 e
1123 3162 1283 3226 vocabulo
1311 3180 1417 3241 graeco

297 3289 311 3318 «
325 3265 522 3351 συγκριτικόν
540 3292 555 3322 »
573 3262 630 3351 (ct.
649 3268 808 3354 osvapt'vo,
829 3294 843 3324 ι
862 3271 1007 3352 contero,
1025 3287 1178 3351 comparo
1196 3265 1228 3354 ι»)
1243 3269 1416 3334 deductam

291 3520 339 3682 ΡΞ.
354 3515 685 3655 ῗῗῗιξῶἓὶῑξῖἑιξιδῗοςῑρίυηῐ
696 3598 715 3635 ι,
731 3580 756 3625 id
772 3583 808 3625 est
822 3581 1014 3638 comparativam
1028 3581 1132 3626 sormam
1147 3581 1237 3628 habero
1250 3585 1362 3640 possunt,
1376 3594 1413 3639 ap.

319 3639 554 3756 lcfliihizaprrflldtmhctt)
566 3647 761 3759 {gssiporartona
776 3701 891 3761 prodam,
901 3702 996 3759 Donat,
1006 3704 1034 3749 Κ.
1045 3704 1118 3760 1v‚p.
1128 3707 1177 3758 155,
1187 3703 1296 3762 prodam
1311 3702 1414 3751 collatio-

292 3758 342 3812 nis,
352 3761 410 3806 luat.
421 3763 480 3812 Art..
490 3763 517 3807 K.
530 3763 568 3818 tv,
580 3776 603 3820 p.
614 3768 648 3808 aa.

318 3827 340 3865 4.
355 3821 382 3865 K.
393 3823 420 3878 V,
433 3835 456 3880 p.
468 3828 505 3878 ³⁸3
517 3825 622 3880 Bartsch,
633 3836 657 3882 p.
668 3831 701 3870 11.

318 3885 339 3928 5.
354 3883 393 3940 IX,
404 3890 424 3939 5,
436 3889 469 3940 19,
480 3895 538 3942 argo
549 3897 564 3930 a
575 3885 718 3933 Palaemone.

318 3949 339 4051 ξ.
353 3944 527 4064 {tisianus
538 4008 554 4056 ι.
565 4021 593 4062 o,
604 4011 633 4065 n,
644 4022 668 4067 p.
679 4017 725 4056 roo.

318 4073 339 4112 8.
355 4067 456 4125 Charis,
466 4070 494 4115 K.
505 4071 523 4124 1,
533 4084 556 4128 p.
568 4077 614 4115 ur.

318 4134 338 4173 9.
355 4129 390 4176 Cs.
401 4132 533 4189 praesertim
545 4133 637 4188 Donet,
648 4134 676 4179 Κ.
688 4133 759 4192 1v‚p.
771 4139 823 4192 3553
833 4134 916 4191 Prisc,
927 4136 954 4181 Κ.
966 4137 994 4192 11,
1005 4148 1029 4193 p.
1038 4141 1072 4181 55.
1083 4134 1118 4183 Cf.
1130 4149 1213 4194 supra,
1223 4149 1247 4195 p.
1259 4143 1294 4192 51,
1305 4144 1345 4184 75.-

318 4197 351 4298 {tlt
367 4192 549 4302 2501015155,
560 4196 600 4250 111,
611 4201 645 4240 1³.
