3124 5050
637 384 835 447 ..γ-

175 535 237 609 est,
262 527 356 608 quin,
381 528 408 588 si
436 525 608 607 paululum
637 529 780 590 Romani
805 527 1026 605 grammaticae
1050 528 1291 610 incubuissent,

175 653 270 698 casus
290 633 405 698 saltem
424 635 513 696 inter
533 653 568 696 se
588 635 820 698 distinxissont
839 642 871 696 et
891 654 949 696 sua
968 652 1130 715 quemque
1149 635 1293 715 appella·

176 745 266 804 tione
282 739 572 818 designavissent?

220 845 296 911 Non
318 855 428 910 autem
450 849 638 911 mirandum
660 856 720 930 est,
738 868 793 912 eos
814 851 849 911 in
869 849 1042 911 clementis
1061 855 1126 910 tam
1149 849 1206 910 diu
1224 867 1293 912 mo-

173 961 261 1017 ratos
284 973 368 1035 esse,
385 972 461 1016 cum
485 955 572 1034 apud
597 954 739 1036 Graecos,
768 955 917 1018 Platonis
941 961 1046 1033 aetate,
1074 957 1292 1032 grammatica

173 1079 304 1122 summa
323 1064 359 1120 in
387 1059 542 1122 facultate
567 1059 701 1137 legendi
725 1067 756 1122 et
780 1059 945 1126 scribendi
964 1063 1070 1139 posita
1095 1064 1153 1141 sit,
1180 1065 1293 1140 praeci·

171 1185 305 1247 puaque
327 1185 405 1229 cura
426 1171 462 1228 in
485 1167 670 1230 litterarum
688 1175 805 1229 natura
827 1168 1032 1247 dispicienda
1053 1175 1085 1228 et
1106 1187 1218 1230 earum
1239 1186 1293 1246 ge-

173 1275 310 1368 ngribus
336 1274 575 1336 distribuendis
599 1281 631 1336 et
655 1276 824 1338 affinitatis
848 1293 885 1336 ac
909 1275 1136 1354 discrepantiae
1164 1275 1293 1352 legibus

171 1377 384 1457 explorandis
399 1374 580 1458 impensa¹.
592 1379 716 1441 Eadem
731 1399 808 1459 ergo
824 1384 1043 1458 grammatices
1054 1384 1150 1442 initia
1160 1382 1293 1444 luerunt

171 1491 206 1546 et
220 1485 309 1567 apud
324 1487 456 1549 Graecos
472 1492 505 1548 et
519 1487 606 1566 apud
624 1486 803 1550 Romanos.
823 1485 888 1550 Sed
902 1486 990 1566 apud
1003 1486 1079 1549 illos
1094 1491 1239 1567 primum
1252 1489 1294 1551 ad

170 1592 324 1656 altiorem
344 1601 447 1656 artem
467 1601 579 1656 evecta
602 1601 662 1674 est,
684 1593 894 1674 philosophis
916 1602 948 1656 et
967 1594 1137 1675 sophistis,
1156 1594 1293 1658 Platone

171 1701 366 1782 praesertim,
381 1701 533 1782 Prodico,
552 1701 741 1781 Protagora,
755 1701 932 1764 Aristotele
945 1702 1016 1780 ejus
1030 1719 1169 1780 rognum
1184 1711 1293 1764 exten-

169 1807 339 1870 dentibus.
363 1807 470 1869 Primi
495 1815 604 1870 autem
629 1807 745 1888 Stoici,
771 1826 846 1871 cum
869 1809 910 1870 ab
933 1808 1201 1871 antecedentibus
1226 1826 1293 1870 non

168 1915 239 1976 nisi
268 1916 393 1994 passim
417 1921 449 1977 et
473 1914 579 1977 obiter
603 1932 713 1994 paucae
737 1914 777 1976 de
805 1913 921 1992 lingua
944 1915 1142 1994 quaestiones
1167 1922 1292 1984 attactae

169 2028 294 2100 essent,
304 2019 390 2084 hanc
401 2021 574 2083 scientiam
585 2022 672 2082 intra
681 2020 902 2101 philosophiae
914 2038 980 2082 suae
990 2020 1290 2101 finesrccipiontes,

169 2145 230 2207 per
246 2143 280 2187 se
296 2127 401 2207 ipsam
417 2125 619 2190 tractandam
634 2126 910 2206 excolendamque
926 2127 990 2188 sibi
1005 2133 1228 2207 sumpserunt,
1247 2134 1290 2207 et,

167 2257 188 2298 a
201 2235 295 2298 vocis
311 2242 428 2296 natura
441 2251 478 2296 ac
498 2233 757 2313 simplicissimis
774 2234 844 2312 ejus
865 2233 1037 2296 elementis
1057 2233 1205 2313 profecti,
1225 2250 1292 2294 om-

168 2344 226 2404 nia
247 2340 484 2405 vocabulorum
503 2358 625 2419 genera
644 2341 733 2402 inter
748 2358 782 2402 se
798 2347 1038 2421 compararunt,
1056 2339 1289 2422 distinxerunt,

169 2451 349 2528 omniaque
376 2447 509 2509 dicendi
535 2453 697 2527 praecepta
721 2447 857 2508 scrutati
882 2453 970 2508 sunt.
996 2447 1088 2507 Inter
1110 2445 1188 2508 illos
1214 2465 1291 2508 vero

170 2554 313 2634 Stoicos,
332 2557 552 2632 grammaticae
564 2554 741 2632 studiosos
754 2553 939 2634 principem
953 2552 1063 2643 locum
1079 2553 1291 2616 obtinuerunt

170 2659 394 2741 Chrysippus
408 2662 466 2738 qui
481 2661 542 2722 sub
553 2661 653 2722 finem
666 2659 718 2720 lll
735 2659 846 2722 saeculi
862 2667 937 2721 ante
950 2656 1029 2720 Chr.
1042 2665 1170 2721 aetatem
1185 2659 1289 2739 duxit,

167 2769 337 2847 Diogenes
366 2765 584 2848 Babylonius,
615 2767 684 2847 qui,
716 2785 790 2829 cunr
821 2763 990 2828 Carneade
1017 2775 1048 2828 et
1078 2763 1223 2829 Critolao
1251 2767 1292 2850 ab

168 2875 434 2938 Atheniensibus
450 2875 485 2935 in
506 2873 631 2935 Urbem
651 2877 772 2936 missus
789 2867 868 2955 (155
883 2881 957 2934 ante
974 2868 1084 2955 Chr),
1103 2873 1290 2934 ostentandi

167 3000 267 3046 carisa
279 2998 398 3058 magno
409 2988 574 3043 conventu
581 2980 756 3042 hominum
767 2979 993 3042 dissertavissc
1006 2988 1037 3042 et
1051 2979 1120 3041 aP.
1135 2978 1289 3059 Scipione

167 3089 340 3168 AfricanO,
359 3084 397 3148 C.
416 3085 530 3166 Laelio,
550 3086 589 3147 L.
607 3085 708 3148 Furio
728 3085 868 3166 aliisque
883 3085 1057 3165 permultis
1072 3085 1202 3147 auditus
1219 3103 1289 3148 esse

167 3197 293 3258 dicitur
303 3191 325 3274 ⁹,
350 3191 463 3256 Crates
484 3193 638 3274 denique,
661 3193 810 3272 ejusdem
827 3192 988 3269 Diogenis
1007 3193 1148 3273 auditor,
1170 3191 1290 3272 Perga-

167 3319 273 3364 menae
299 3299 422 3363 scholae
447 3299 579 3378 lumen,
606 3318 704 3379 quem
727 3299 873 3378 primum
896 3299 1114 3376 grammaticae
1143 3298 1289 3360 studium

168 3408 310 3471 Romam
324 3405 478 3468 intulisse
496 3405 674 3468 Suetonius
689 3402 874 3485 opinatnr³.
895 3429 910 3460 «
924 3404 990 3476 Qui
1005 3405 1125 3466 missus
1141 3405 1183 3466 ad
1198 3423 1290 3469 sena-

169 3522 239 3576 tum
253 3515 294 3575 ab
310 3511 421 3576 Attalo
436 3529 525 3593 rege,
541 3515 630 3574 inter
643 3511 824 3574 secundum
841 3529 878 3573 ao
899 3511 1031 3572 tertium
1049 3509 1174 3572 bellum
1193 3511 1289 3590 puni-

168 3637 255 3702 cum,
274 3619 337 3682 sub
352 3619 458 3698 ipsam
469 3617 571 3678 Enrrii
586 3613 758 3696 mortem⁴,
776 3617 994 3694 omnrcgione
1011 3615 1144 3698 Palatii,
1161 3616 1289 3696 prolap-

168 3744 223 3790 sus
245 3727 282 3788 in
304 3726 424 3789 cloacae
446 3725 606 3805 foramen,
633 3743 707 3787 crus
729 3725 893 3806 fregisset,
915 3742 974 3803 per
995 3742 1091 3786 omne
1114 3723 1289 3801 legationis

193 3999 213 4036 1.
228 3992 340 4048 Classen,
352 3995 385 4038 De
394 4003 473 4051 prona.
484 4004 554 4052 prore.
564 3989 697 4050 priorarat,
707 4003 729 4048 p⁴
741 3998 760 4037 5.

193 4063 213 4098 r.
230 4055 290 4106 Cic,
301 4057 335 4100 Dc
346 4056 423 4106 Orat,
435 4055 462 4109 ll,
473 4060 506 4109 et,
518 4060 557 4098 tol
567 4066 602 4110 sq.
612 4070 618 4109 3
629 4053 699 4104 Call..
712 4054 791 4109 tll,1t.

192 4122 212 4219 ἒ.
229 4117 337 4224 {medrito
348 4178 435 4224 Christ.
447 4177 480 4223 Cl.
491 4177 591 4233 tullian,
601 4175 615 4222 l,
628 4189 656 4230 c,
667 4189 689 4234 p.
701 4182 740 4222 atta
750 4187 803 4234 sqq.
