3124 5050
753 419 976 484 ...1g-.

306 565 401 643 quasi
419 561 598 624 militarem
617 563 700 624 bene
725 563 858 626 dicendi
878 561 1091 642 disciplinam
1111 565 1339 628 constitueret.
1362 565 1425 626 His

308 669 441 749 quidem
460 668 555 730 libris
577 668 664 749 apud
686 675 813 733 veteres
836 686 956 746 magna
980 671 1157 733 auctoritas
1179 671 1332 751 adJuncta
1356 678 1423 749 est,

308 793 379 856 qnae
404 775 529 855 ipsisne
545 793 588 835 an
614 772 753 836 Caesaris
777 777 906 837 nomini
922 774 997 837 data
1018 778 1072 857 sit,
1097 777 1133 837 iu
1155 779 1281 841 incerto
1301 785 1421 840 manet.

309 883 417 946 Pauca
441 883 530 944 enim
555 897 669 942 eorum
691 881 875 958 fragmenta
899 881 1104 964 supersunt',
1131 885 1220 963 quia,
1243 885 1273 946 si
1296 883 1424 946 Bncmo

309 988 481 1069 creditur²,
506 990 637 1052 Plinius
660 991 696 1051 in
717 989 820 1052 libros
841 1015 855 1043 ι
880 991 974 1052 dubii
997 993 1158 1055 sermonis
1180 1017 1196 1048 ι
1218 999 1265 1054 101
1280 981 1368 1056 locos
1388 1011 1427 1054 11

310 1098 450 1162 Caesaris
470 1097 628 1177 opusculo
647 1099 835 1177 recepisset,
854 1103 891 1158 nt
910 1099 1035 1177 posteri
1055 1098 1209 1162 libellum
1228 1103 1338 1180 ipsum
1358 1103 1425 1162 ins-

310 1210 419 1287 picere
443 1204 659 1268 destitissent.
687 1201 842 1266 Ceterum
866 1203 996 1266 nullum
1021 1207 1271 1283 grammaticum
1289 1206 1427 1269 vocabu-

310 1314 381 1375 lum
402 1331 439 1374 ex
461 1310 517 1372 his
538 1311 730 1388 fragmentis
751 1310 956 1391 deprompsi,
979 1316 1017 1371 ut
1039 1328 1111 1391 quae
1134 1330 1173 1374 ex
1195 1330 1292 1392 opere
1315 1313 1427 1392 primi-

311 1421 409 1498 genio
429 1421 465 1477 in
485 1416 646 1496 Plinium,
665 1435 703 1478 ex
726 1416 838 1479 Plinio
861 1417 899 1478 in
920 1421 1118 1496 posteriores
1142 1419 1349 1499 artigraphos
1370 1439 1429 1498 per

311 1529 400 1587 vices
413 1522 635 1604 particulatim
649 1523 812 1585 manando
827 1525 967 1602 primam
982 1543 1163 1604 puramque
1182 1545 1276 1588 suam
1290 1525 1429 1589 formam

312 1631 492 1693 servavisse
507 1646 574 1691 non
585 1629 785 1691 eredendum
800 1629 854 1691 sit.
873 1627 989 1709 Neque
1000 1630 1170 1712 vocabula,
1185 1649 1258 1711 quae
1269 1632 1309 1694 ad
1318 1651 1428 1694 meum

313 1740 517 1818 propositum
531 1738 681 1814 attinent,
698 1741 765 1797 tam
778 1735 884 1797 multa
902 1738 939 1797 in
954 1735 1050 1799 libris
1071 1735 1211 1800 Caesaris
1235 1737 1429 1802 1111111011-

312 1845 378 1906 fido
397 1865 404 1904 :
422 1845 566 1923 primum
580 1829 668 1922 qnia,
684 1849 721 1903 ut
736 1842 776 1904 de
787 1840 933 1904 Varrone
949 1861 1047 1923 supra
1056 1846 1178 1924 notavi,
1192 1861 1259 1906 non
1273 1845 1309 1905 id
1323 1845 1430 1925 operis

315 1949 492 2014 consilinm
511 1950 613 2011 luisse
632 1949 773 2028 videtur,
791 1956 828 2010 nt
850 1947 990 2026 singulae
1012 1952 1231 2026 grammaticae
1251 1957 1359 2030 partes
1380 1970 1430 2012 re-

312 2047 547 2134 cognoscendae
563 2062 595 2115 et
609 2055 851 2134 perscrutandae
868 2062 997 2133 essent,
1016 2054 1135 2116 deinde
1146 2056 1245 2137 quod,
1264 2074 1338 2118 cum
1354 2066 1430 2119 tunc

317 2162 473 2242 temporis
489 2161 605 2239 lingua
619 2164 831 2238 grammatica
844 2162 937 2223 rudis
957 2161 1066 2224 adhuc
1088 2169 1120 2224 et
1143 2183 1161 2223 a
1183 2164 1347 2226 cotidiano
1370 2182 1428 2226 usu

316 2269 424 2331 aliena
438 2276 535 2345 esset,
553 2285 659 2348 neque
675 2270 906 2344 grammaticus
921 2272 1155 2350 grammaticis,
1170 2271 1227 2332 sed
1241 2271 1386 2334 urbanus
1402 2279 1431 2333 et

316 2375 450 2453 elegans
465 2375 670 2453 elegantibus
685 2373 876 2435 hominibus
892 2373 1003 2437 Caesar
1023 2377 1191 2458 scriberet,
1210 2397 1283 2440 rara
1299 2385 1331 2440 et
1345 2378 1430 2441 ludi-

315 2484 509 2558 magistrum
532 2479 716 2562 redolentia
734 2479 904 2560 vocabula,
927 2487 1087 2560 quantum
1110 2483 1183 2545 fieri
1205 2485 1324 2565 potuit,
1352 2486 1432 2546 vita-

316 2588 404 2648 visse
420 2604 496 2648 eum
515 2585 696 2648 verisimile
719 2593 778 2666 est,
802 2587 859 2665 qui
881 2587 1105 2669 profitebatur,
1128 2598 1165 2652 nt
1185 2591 1368 2673 scopulum,
1387 2596 1433 2653 sic

317 2692 511 2770 fugiendum
524 2691 711 2753 inauditum
727 2698 823 2771 atque
839 2692 987 2755 insolens
1002 2693 1169 2758 ve1·bum³.

364 2798 517 2862 Ciceroni
535 2798 639 2861 Varro
659 2798 762 2860 libros
781 2798 811 2860 V
832 2817 904 2878 sqq.
932 2825 947 2854 «
964 2801 1006 2862 de
1027 2800 1143 2879 lingua
1157 2803 1260 2866 latina
1278 2828 1308 2884 »,
1328 2802 1436 2866 Caesar

320 2934 335 2962 c
360 2908 400 2970 de
421 2905 603 2984 analogia»
626 2905 822 2985 opusculum
844 2906 1088 2989 dedicaverunt,
1115 2927 1255 2990 eumque
1277 2928 1435 2988 gramma-

319 3019 391 3078 ticae
412 3021 449 3076 ut
463 3019 644 3076 ceterarum
664 3011 850 3074 litterarum
872 3013 1056 3077 studiosum
1076 3016 1180 3079 luisse
1203 3025 1338 3079 constat.
1357 3015 1435 3078 Per-

318 3139 423 3203 pauca
446 3127 555 3182 tamen
578 3118 737 3182 vocabula
759 3120 971 3196 grammatica
996 3120 1082 3199 apud
1105 3139 1181 3182 eum
1203 3123 1349 3184 inveniri
1370 3138 1434 3182 non

318 3231 441 3291 mirum
465 3234 525 3305 est,
551 3244 658 3305 neque
681 3225 722 3288 de
744 3224 804 3287 illo
826 3233 952 3287 oratore
966 3227 1170 3290 mentionem
1193 3228 1249 3290 hic
1271 3228 1433 3307 iecissem,

319 3336 386 3398 nisi
416 3337 491 3414 quis
524 3336 775 3411 grammaticum
803 3331 959 3394 libellum
983 3333 1024 3393 ab
1052 3349 1090 3394 eo
1122 3335 1340 3413 compositum
1367 3351 1437 3395 esse

319 3438 570 3506 contendisset‘.
589 3439 716 3502 0111111
733 3439 867 3518 quidem
881 3439 918 3500 in
932 3445 1041 3500 vetere
1058 3439 1199 3519 quodam
1213 3440 1323 3504 indice
1337 3440 1436 3502 libro-

320 3569 394 3612 rum
416 3546 588 3610 Ciceronis
611 3572 625 3601 α
650 3547 688 3609 de
710 3546 946 3624 orthographia
967 3535 1252 3626 »inscriptionem
1267 3547 1437 3610 sevidisse

320 3655 474 3735 narravit,
497 3661 529 3716 et
549 3654 586 3714 in
607 3649 780 3714 nonnullis
795 3651 835 3713 de
856 3668 976 3728 genere
998 3649 1202 3716 1111111111]ὕ
1223 3670 1260 3714 ac
1275 3652 1315 3714 de
1330 3653 1437 3716 ortho-

347 3908 366 3947 1.
382 3898 691 3957 Lerscn,spractpttt.,1‚
706 3911 731 3957 p.
747 3905 847 3955 lez-1³93
861 3900 947 3957 Egger,
965 3901 1017 3946 Lot.
1034 3901 1110 3946 Serm.
1126 3899 1183 3954 liei,
1199 3913 1222 3958 p.
1239 3905 1315 3958 41-165
1332 3901 1436 3955 Sclrlitte,

320 3962 335 4008 ι’
346 3969 541 4070 l'llelclllsens
549 4023 673 4080 supplem.
683 4024 763 4078 (1813),
773 4034 797 4078 p.
808 4027 828 4066 6.

346 4092 367 4131 e.
383 4086 454 4139 Gall,
463 4086 480 4140 1,
492 4093 529 4140 103
540 4085 653 4140 Macron,
663 4086 757 4137 Satur,
767 4083 784 4137 l,
795 4087 817 4128 5.

346 4153 368 4192 1.
382 4147 478 4203 Sehlag,
488 4147 578 4198 Cicero,
591 4145 717 4203 Versicssrr
727 4145 796 4192 einer
805 4156 884 4204 pram.
895 4144 989 4204 schrift
999 4148 1078 4203 (1888).

347 4213 369 4254 1.
384 4207 493 4264 Cledon,
504 4208 531 4254 K.
540 4209 568 4265 V,
577 4219 601 4265 p.
613 4212 650 4264 se,
662 4207 754 4265 Pomp,
766 4207 801 4262 ll,
814 4207 841 4264 V,
852 4218 876 4265 p.
888 4214 934 4253 111.
