3124 5050
725 442 947 506 ..24-

278 587 357 650 liter
376 582 500 666 sarculi,
525 558 723 666 compositos
744 607 828 652 esse.
854 587 1010 666 Plerique
1034 602 1110 649 vero
1134 588 1334 650 arbitrantur
1358 605 1398 648 ex

277 693 337 756 illa
347 692 431 756 silva
442 694 717 773 observationum,
731 711 829 774 quam
843 694 1017 774 Berytium
1027 691 1200 773 reliquisse
1217 691 1398 756 Suetonius

280 791 427 880 testatur,
446 801 518 879 eJ'us
533 807 709 862 sectatores
730 804 942 882 excerpsisse,
959 800 1048 863 unde
1069 802 1362 862 commentationes
1377 819 1397 860 a

280 905 389 969 Gellio
412 906 517 968 editas
539 915 571 969 et
591 906 750 970 libruma
769 907 919 970 Romano
941 906 1112 969 laudatum
1127 907 1304 969 efficerent.
1330 905 1397 970 Sed

199 1011 202 1016 ’
278 1014 363 1076 hanc
379 1016 636 1076 controversiam
652 1014 807 1076 dirimere
818 1031 885 1076 non
899 1033 1010 1077 meum
1022 1021 1081 1076 est.
1095 1013 1239 1095 Etenim,
1253 1016 1393 1092 etiamsi,

279 1121 366 1200 quod
381 1120 451 1181 vult
467 1119 552 1181 Ksm
565 1119 590 1201 ¹,
605 1138 678 1200 quae
698 1120 827 1183 Probus
847 1120 887 1184 de
901 1119 1127 1200 compluribus
1143 1122 1223 1182 artis
1237 1137 1397 1197 gramma-

279 1230 351 1290 ticae
372 1229 521 1307 partibus
543 1227 745 1308 reliquisset,
764 1245 802 1290 ea
823 1230 895 1308 ipsa
915 1230 951 1289 in
974 1234 1077 1290 artem
1099 1228 1229 1290 redacta
1242 1228 1394 1306 fuissent,

279 1333 411 1395 nullum
423 1331 531 1396 tamen
540 1335 737 1398 inmanibus
747 1334 944 1398 haberemus
954 1334 1078 1396 librum
1088 1333 1190 1396 Probi
1200 1335 1394 1414 genuinum.

280 1438 421 1502 Nullum
445 1457 523 1518 ergo
551 1425 801 1520 grammaticum
827 1439 1025 1504 vocabulum
1053 1440 1190 1521 Berytio
1218 1441 1397 1502 attribuere

279 1543 367 1606 mihi
381 1545 489 1610 licuit.

325 1651 423 1714 Haud
441 1669 546 1731 pauca
565 1671 582 1713 a
603 1651 811 1724 Quintiliano
826 1671 991 1716 assumere
1013 1655 1118 1733 potui,
1137 1661 1399 1733 quemquamst

281 1761 336 1838 ait,
364 1774 431 1818 non
453 1758 559 1820 voluit
583 1761 827 1836 grammaticam
847 1759 964 1822 docere
987 1777 1049 1822 nec
1067 1766 1171 1822 artem
1186 1776 1395 1839 componere.

281 1865 570 1927 Demonstraturus
594 1865 683 1927 eninr
704 1866 824 1945 quibus
847 1867 966 1928 studiis
988 1866 1029 1928 ab
1050 1866 1192 1927 infantia
1206 1873 1316 1928 orator
1334 1867 1399 1928 for-

280 1971 420 2033 mandus
436 1976 489 2052 sit,
501 1955 672 2052 ¹praecipua
685 1974 903 2050 grammaticae
919 1973 1025 2052 capita
1041 1967 1241 2052 percenset²,
1257 1988 1398 2034 necnon

281 2077 407 2157 aliquot
433 2101 448 2132 «
468 2077 629 2140 technicis
652 2079 802 2140 terminis
821 2102 834 2132 ι
861 2079 977 2141 utitur.
1004 2077 1095 2150 Quos
1111 2095 1130 2138 a
1145 2077 1347 2159 Palaemone,
1365 2086 1401 2140 ut

283 2191 384 2246 totam
409 2184 592 2246 doctrinam
615 2203 709 2245 suam
737 2185 993 2265 grammaticam,
1021 2201 1098 2247 eum
1120 2190 1306 2244 mutuatum
1329 2199 1399 2243 esse

284 2298 410 2352 certum
430 2299 491 2354 est.
514 2290 674 2371 Namque,
691 2299 908 2371 praeterquam
928 2291 1016 2370 quod
1036 2310 1096 2370 per
1114 2309 1148 2353 se
1163 2290 1260 2353 facile
1277 2289 1401 2370 suspici

285 2403 402 2476 potest,
430 2395 693 2476 Quintilianum,
720 2397 866 2459 Remmii
889 2395 1120 2477 discipulum⁸,
1153 2404 1302 2460 secutum
1330 2413 1402 2456 asse

284 2493 528 2584 praeceptorem,
548 2500 766 2564 Mansuram⁴
781 2503 968 2566 luculenter
982 2503 1136 2584 ostendit,
1150 2520 1222 2582 quae
1239 2499 1402 2573 aQuinti-

284 2609 376 2671 liano
398 2611 607 2690 proferantur
630 2615 851 2691 grammatica,
870 2610 957 2690 apud
979 2612 1171 2690 posterioris
1195 2609 1302 2670 aetatis
1325 2609 1403 2670 arti-

227 2714 229 2718 '
285 2715 428 2794 graphas
451 2716 602 2796 reperiri,
621 2723 653 2777 et
675 2714 883 2778 Moaawsn1⁵
904 2716 1035 2779 eosdem
1061 2739 1075 2768 ι
1103 2718 1260 2776 terminos
1276 2713 1403 2776 techni-

287 2839 341 2884 cos
359 2846 374 2875 »
393 2827 424 2883 et
440 2821 637 2902 locutiones,
654 2841 734 2904 quas
756 2820 971 2885 Charisianus
994 2821 1162 2883 Palaemon
1181 2821 1401 2900 usurpaverit,

286 2929 375 3008 apud
389 2927 636 3003 Quintilianum
648 2930 717 3009 jam
731 2927 810 3006 legi.

332 3035 500 3099 Hactenus
521 3035 560 3097 de
584 3034 812 3115 Quintiliano,
835 3035 875 3097 de
899 3035 1007 3116 Aspro
1030 3041 1150 3114 autem,
1175 3034 1270 3114 cujus
1284 3049 1405 3094 nomen

287 3141 360 3206 arti
374 3143 505 3206 cuidam
529 3163 547 3205 a
571 3139 710 3206 Kau10⁰
729 3144 964 3223 praescribitur,
990 3161 1094 3223 pauca
1116 3144 1292 3205 sufficient.
1321 3165 1335 3194 s
1354 3139 1406 3202 Ad

288 3250 471 3313 Aemilium
496 3251 639 3330 Asprum
661 3254 766 3331 enim,
792 3249 940 3312 Terentii
963 3248 1104 3328 Vergilii
1130 3247 1282 3310 Sallustii
1305 3250 1406 3309 inter·

289 3351 456 3439 pretam...
483 3357 571 3419 nihil
595 3376 634 3419 ex
653 3357 718 3420 hoc
738 3356 824 3420 libro
844 3358 998 3438 pertinet,
1017 3357 1075 3436 qui
1097 3375 1135 3418 ea
1157 3361 1263 3436 ae-tate,
1287 3372 1352 3434 qua
1370 3356 1405 3416 in

289 3471 357 3526 arte
373 3463 494 3526 Donati
510 3463 701 3543 exponenda
715 3465 857 3525 maxima
871 3464 981 3526 studia
994 3465 1284 3542 grammaticorum
1299 3479 1406 3524 versa-

290 3573 419 3650 bantur,
438 3574 578 3650 scriptus
593 3576 654 3634 est.
675 3594 690 3624 ι
709 3569 949 3634 Grammaticus
964 3587 1055 3650 vero,
1072 3571 1130 3649 qui
1146 3576 1289 3648 tempore
1305 3568 1407 3629 Anto·
1427 3583 1430 3588 ·

289 3679 363 3738 nini
384 3676 574 3757 philosophi
596 3675 706 3758 vixit⁷,
724 3678 762 3740 in
784 3679 1035 3740 commentarios
1052 3674 1203 3740 Sallustii
1220 3683 1250 3737 et
1264 3671 1408 3751 Vergilii

317 3884 335 3920 1.
352 3876 390 3932 IV,
400 3887 424 3932 p.
435 3890 491 3920 xxx.

318 3944 338 3983 2.
354 3939 394 3993 1,r
404 3950 458 3995 sqq.

316 4007 337 4047 a.
353 4001 433 4046 schol.
444 3999 475 4045 od
486 3998 640 4054 iuvenalem,
651 3999 690 4054 Vl,
700 4001 747 4044 452.

317 4069 336 4106 t.
353 4063 378 4108 L.
389 4075 417 4113 c,
429 4075 451 4118 p.
463 4066 518 4108 8-15.

316 4129 337 4170 5,
352 4127 459 4175 Hermes.
469 4124 508 4178 XI,
519 4136 543 4181 p.
554 4129 601 4169 tot.

317 4193 337 4232 6.
353 4188 380 4242 V,
391 4198 415 4242 p.
426 4190 463 4232 ott
475 4198 528 4244 sqq.

318 4255 337 4294 r.
353 4249 390 4304 K,
401 4249 428 4305 v,
440 4260 463 4306 p.
474 4255 521 4294 aar.
