3124 5050
688 786 744 850 De
764 785 1040 861 grammatino.

350 1037 465 1116 Ipsum
480 1053 601 1098 nomen
615 1037 821 1114 grammatica
835 1054 855 1097 a
869 1033 994 1098 Graeois
1010 1035 1144 1098 Latinos
1158 1043 1325 1100 mutuatos
1341 1055 1427 1116 esse,

305 1159 409 1222 eoque
425 1141 515 1204 aliud
530 1142 618 1222 apud
633 1150 759 1204 veteres
775 1146 946 1222 utriusque
962 1141 1086 1219 linguae
1103 1146 1278 1222 scriptores
1293 1160 1365 1206 esse
1382 1148 1428 1204 si·

305 1249 508 1328 gnifioetum,
525 1247 618 1311 eliud
636 1248 797 1311 hodierno
815 1248 867 1309 die
883 1249 969 1329 apud
984 1253 1195 1327 recentior-ee,
1214 1248 1270 1312 hio
1285 1267 1428 1311 comme·

304 1372 431 1416 morare
446 1373 512 1418 non
523 1373 605 1436 opus
616 1363 665 1418 est
676 1349 697 1418 ¹.
709 1353 811 1434 Legat
823 1354 969 1417 Cnnssnn
981 1353 1004 1436 ¹,
1022 1359 1050 1418 si
1065 1360 1139 1436 quis
1149 1355 1311 1419 humilem
1326 1356 1428 1436 hujus

306 1465 450 1524 scientire
480 1466 644 1540 originem
672 1471 819 1543 repetere
854 1470 885 1525 et
918 1467 1025 1525 varias
1052 1465 1088 1525 in
1122 1461 1251 1524 Graeoia
1279 1463 1428 1525 fortunas

305 1572 458 1648 persequi
477 1567 579 1630 volet.
606 1567 703 1641 Quod
724 1573 866 1649 pertinet
889 1569 929 1630 ad
951 1568 1098 1650 Latinos,
1124 1573 1314 1631 meminerit
1337 1568 1429 1631 huno

307 1701 321 1728 «
345 1679 494 1737 oratoriar
514 1672 755 1737 institutionis⁸
780 1699 795 1728 »
820 1675 942 1756 loonm,
973 1679 1009 1736 in
1035 1694 1099 1755 quo
1120 1694 1187 1738 non
1212 1679 1285 1737 sine
1316 1673 1430 1754 aliqua

304 1781 561 1862 reprehensione
593 1791 624 1845 et
654 1783 793 1863 quadam
822 1786 916 1862 quasi
944 1782 1072 1844 invidia
1104 1781 1331 1856 Quintilianus
1362 1786 1424 1862 ait,

308 1913 321 1942 e
339 1893 583 1965 grammaticam
602 1897 734 1950 tenuem
749 1889 885 1970 alonte,
903 1887 1003 1969 pleno
1018 1893 1097 1950 satis
1112 1888 1206 1950 alveo
1221 1889 1334 1968 liuere,
1354 1905 1428 1950 oum

305 2003 424 2075 preeter
448 1999 610 2057 rationem
631 2004 718 2058 reete
739 1994 897 2075 loquendi
921 2013 1022 2076 prope
1042 1999 1191 2058 omnium
1211 1999 1428 2056 niaximemm

303 2105 426 2162 artium
450 2105 621 2164 seientiam
643 2099 791 2182 aniplene
814 2105 868 2163 sit.
894 2126 908 2155 ι
929 2101 979 2164 Ne
1001 2119 1078 2163 vero
1103 2119 1163 2181 ego
1188 2119 1317 2182 quoqne
1340 2110 1428 2162 extre

305 2209 400 2288 lineo,
424 2212 482 2288 qui
504 2208 588 2270 mihi
610 2209 867 2289 praescribuntur
887 2227 961 2270 mea
980 2210 1128 2289 materie,
1154 2208 1355 2288 progrediar,
1372 2207 1427 2269 hic

306 2318 384 2376 satis
400 2318 462 2376 erit
478 2315 770 2392 commonefacere,
788 2314 874 2394 quod
898 2323 1041 2376 ceterum
1066 2313 1182 2394 liquet,
1204 2314 1267 2377 hoo
1287 2315 1427 2376 voeabu-

306 2420 375 2481 lum
384 2439 409 2481 ·e
430 2420 563 2502 litteriS,
586 2439 666 2501 quas
687 2419 795 2483 Graeoi
816 2419 992 2506 γράμματα
1013 2421 1237 2501 nominabant,
1262 2424 1426 2500 originem

305 2527 449 2589 duxisse.

350 2631 475 2694 Eodem
494 2634 591 2696 modo
612 2634 724 2695 Latini
747 2633 959 2694 «litteratum
977 2657 992 2686 »
1015 2641 1047 2694 et
1069 2632 1321 2695 «litteraturam
1339 2656 1354 2686 »
1372 2651 1427 2693 vo·

305 2737 421 2800 cabula
436 2737 565 2818 aliaque
581 2740 705 2801 similia
719 2741 885 2802 finxerunt
897 2758 905 2800 ι
919 2757 991 2819 quae
1003 2739 1137 2819 quidem
1147 2757 1186 2800 ex
1201 2755 1307 2816 graeoo
1324 2747 1426 2800 trans·

306 2843 463 2925 tulerunt,
486 2849 514 2906 si
535 2843 767 2918 Quintiliano⁴
786 2845 942 2908 ereditur.
964 2846 1041 2908 Haec
1064 2853 1174 2908 autem
1194 2844 1364 2908 translatio
1381 2849 1426 2906 sio

305 2949 390 3012 taeta
419 2958 479 3014 est.
512 2953 712 3014 Memoretur
738 2951 826 3032 apud
856 2949 1074 3014 Suetonium⁶
1110 2949 1287 3013 Cornelius
1318 2951 1426 3031 Nepos

306 3054 439 3134 dixisse,
460 3081 475 3110 ‹
494 3055 654 3120 litteratos
669 3061 756 3136 volpe
771 3057 931 3137 appellari
945 3075 1012 3137 eos,
1031 3060 1087 3137 qui
1108 3054 1235 3137 aliquid
1250 3055 1427 3134 diligenter

305 3171 338 3224 et
353 3172 445 3226 acute
461 3167 667 3244 scienterque
687 3167 815 3244 possint
830 3172 886 3226 aut
902 3164 1010 3226 dioere
1026 3171 1083 3224 eut
1096 3165 1260 3242 seribere3
1283 3171 1425 3226 ceterum

306 3273 437 3349 proprie
457 3273 504 3331 sio
524 3269 738 3349 appellandos
758 3278 929 3350 poetarum
949 3273 1157 3350 interpretes,
1181 3272 1239 3348 qui
1261 3288 1281 3329 a
1303 3267 1424 3330 Graeois

305 3375 520 3460 γραμματικοί
531 3371 746 3439 nominentur
759 3400 789 3437 ι».
808 3375 935 3450 Quibus
951 3396 989 3439 ex
1000 3377 1108 3438 verbis
1123 3375 1279 3439 oonoludi
1292 3391 1423 3437 neeesse

305 3489 367 3561 est,
387 3507 402 3536 ‹
420 3479 601 3543 litteratum
618 3506 632 3536 »
650 3480 848 3544 vocabulum
859 3481 928 3560 jani
944 3489 1099 3559 creatum,
1118 3488 1162 3560 et,
1178 3479 1220 3542 ad
1236 3481 1423 3557 significan·

307 3587 386 3648 dum
404 3586 574 3650 hominem
594 3586 778 3650 litterarum
799 3586 986 3649 studiosum
1004 3603 1042 3648 eo
1056 3589 1211 3667 peritum,
1229 3587 1318 3665 vulpe
1333 3604 1422 3648 usur-

307 3783 519 3793 -—-——

332 3914 352 4012 lt.
367 3905 402 4013 10ὶὲ
413 3918 530 4014 saepem».
540 3912 615 4013 Erec.
633 3965 766 4025 primunt,
784 3980 807 4025 p.
825 3973 889 4024 2=1s;
908 3967 939 4012 ct.
956 3965 1106 4022 Grisenlnn,
1123 3963 1204 4013 Gessit·
1220 3963 1302 4011 Klots.
1319 3961 1379 4012 non.
1396 3961 1421 4007 in

305 4028 411 4082 :tltertlm
422 4030 440 4084 l,
451 4041 474 4087 p.
485 4037 511 4075 96
521 4042 583 4088 sqq„
592 4037 632 4074 423
642 4043 653 4075 s
662 4042 695 4087 pq.

332 4096 352 4134 t.
367 4091 396 4147 ΙΙ,
407 4099 427 4146 r,
437 4097 457 4136 t.
469 4092 503 4138 Cf.
515 4091 690 4147 G1·iilonhan,l.
701 4102 729 4144 e,
741 4090 768 4145 ΙΙ,
782 4103 804 4148 p.
816 4097 856 4137 itit
867 4103 921 4149 sqq.

331 4160 352 4261 ἒ.
368 4155 501 4261 insertione.
514 4215 631 4269 Granios,
643 4221 662 4260 t.
