3214 5054
603 517 648 531 -
695 479 758 546 rae
803 449 848 527 ’-

447 789 450 794 ¹
561 761 617 825 De
639 760 883 838 pronomine.

209 951 336 1030 Eccrn,
362 966 498 1012 summae
519 949 571 1010 vir
591 950 808 1027 auctoritatis,
826 949 1005 1028 Romanos,
1028 965 1104 1011 cum
1121 968 1160 1011 ex
1180 967 1286 1028 graeco

166 1083 183 1112 «
201 1054 378 1142 ἀντωνυμία
395 1082 409 1110 ν
432 1056 623 1118 adverbum
640 1073 808 1134 pronomen
829 1051 885 1140 (cf.
906 1074 964 1134 pro
979 1062 1010 1118 at
1032 1051 1113 1138 ἀντί,
1130 1075 1239 1118 nontett
1255 1065 1286 1119 et

163 1162 272 1248 ὄνομα,
289 1163 378 1226 unde
392 1171 500 1224 ortum
515 1170 564 1224 est
579 1155 723 1246 -ωνυμία)
739 1160 947 1243 deduxerint,
961 1161 1040 1242 quid
1056 1161 1162 1224 Graeci
1177 1180 1215 1224 eo
1230 1179 1286 1225 vo·

165 1270 282 1334 cabulo
298 1269 485 1348 significare
499 1267 637 1349 vellent,
659 1285 757 1347 prave
776 1267 981 1330 intellexisse
992 1268 1120 1349 judicat
1131 1267 1152 1330 ¹.
1173 1267 1287 1330 Credi-

165 1377 284 1440 deruut
303 1379 391 1438 enim
411 1376 490 1438 iude
510 1371 703 1459 ἀντωνυμίαν
722 1372 979 1454 appellationem
998 1392 1180 1455 pronomen
1195 1393 1286 1438 acce-

165 1486 265 1565 pisse,
284 1481 371 1563 quod
390 1500 448 1563 pro
470 1484 616 1560 nomine,
633 1481 668 1542 id
684 1488 733 1543 est
748 1477 819 1546 ἀντὶ
838 1477 1001 1566 ὀνόματος,
1018 1474 1207 1561 poneretur.
1225 1483 1281 1564 At,

164 1607 362 1670 quamquam
376 1604 498 1650 revera
512 1586 575 1647 hoc
585 1605 649 1648 usu
658 1587 854 1666 pronomina
864 1595 1076 1668 usurpantur,
1090 1588 1164 1651 ideo
1176 1595 1287 1651 tamen

164 1696 342 1758 arbitratur
365 1694 480 1758 Euesa
506 1690 700 1777 ἀντωνυμίας
724 1711 762 1754 ea
785 1700 974 1772 nuncupata
995 1711 1078 1776 esse,
1102 1695 1179 1775 quia
1198 1712 1284 1776 cum,

167 1801 472 1882 «personalibus»
503 1807 631 1862 tautum
659 1817 697 1862 eo
725 1799 884 1862 vocabulo
912 1803 1055 1880 primum
1084 1800 1285 1883 designatis,

167 1934 181 1963 «
207 1925 356 1989 persouae
383 1933 397 1962 »
421 1913 645 1986 spectarentur
664 1914 696 1968 et
722 1908 887 1972 actoribus
907 1908 965 1986 qui
985 1909 1020 1969 iu
1043 1927 1139 1971 scena
1158 1909 1288 1970 adversi

164 2021 288 2077 starent
303 2019 580 2093 compararentur,
598 2013 733 2075 uomina
746 2013 938 2075 viderentur
948 2014 1098 2093 opposita
1108 2021 1139 2075 et
1155 2015 1287 2077 interae

163 2118 529 2202 1·espondentia';iude
546 2138 583 2182 ea
603 2119 831 2182 Aristarchum
847 2121 971 2183 dixisse
989 2119 1091 2199 λέξεις
1109 2117 1196 2186 κατὰ
1214 2120 1288 2207 πρό-

163 2251 254 2294 σωπα
264 2225 428 2310 συζύγο·υς;
440 2227 476 2286 in
489 2222 666 2310 ἀντωνυμία
676 2232 786 2288 autem
798 2222 882 2291 ἀντι·
893 2243 961 2289 nou
970 2245 1042 2289 esse
1051 2227 1138 2306 quod
1145 2244 1216 2305 pro,
1229 2227 1287 2289 sed

164 2335 252 2416 quod
265 2335 426 2411 adversor,
439 2342 472 2394 et
482 2335 724 2413 oppositionem
735 2336 1076 2413 comparationemque
1086 2335 1284 2415 significare,

163 2450 200 2505 ut
215 2444 251 2502 in
268 2436 417 2517 ἀντίθεος,
434 2435 615 2523 ἀντίπαλος,
630 2445 692 2501 ωῑω.
704 2439 749 2502 At
764 2439 946 2502 notandum
961 2445 1009 2502 est
1019 2440 1186 2504 Romanos
1201 2440 1238 2502 in
1249 2459 1288 2504 eo

164 2552 193 2611 si
208 2549 401 2626 erraverint,
417 2555 454 2608 ut
469 2545 601 2609 Graecos
616 2548 705 2627 ipsos
725 2550 956 2624 grammaticos
971 2551 1144 2610 erravisse.
1161 2548 1289 2610 Defini-

163 2662 219 2716 tur
242 2656 332 2715 enim
356 2656 393 2714 in
416 2653 573 2733 Dionysii
597 2651 734 2714 Thracis
755 2650 873 2714 libello
895 2647 1084 2738 ἀντωνυμία,
1109 2651 1194 2732 λέξις
1219 2649 1290 2720 ἀντὶ

163 2755 317 2843 ὀνόματος
330 2754 665 2844 παραλαμὸανομέυηθ.
676 2755 763 2818 Mihi
773 2759 1081 2838 praetereavidetur,
1093 2759 1177 2840 quod
1190 2758 1290 2822 liceat

163 2865 272 2945 lateri,
289 2866 325 2926 in
339 2864 611 2944 interpretatione
620 2864 804 2927 doctissimi
820 2863 915 2926 illius
925 2866 990 2926 viri
1004 2867 1115 2928 nescio
1127 2866 1289 2946 quidesse

165 2972 322 3035 subtilius
332 2978 365 3035 et
374 2972 559 3052 obscurius,
573 2989 680 3051 neque
696 2969 804 3033 ullum
819 2972 959 3051 proferri
974 2980 1216 3053 argumentum,
1231 2989 1291 3035 cur

164 3097 232 3142 nou
252 3097 291 3140 ex
309 3078 372 3142 hac
392 3076 640 3158 simplicissima
659 3078 806 3157 notione,
826 3095 993 3156 pronomen
1014 3078 1141 3141 scilicet
1156 3096 1215 3158 pro
1230 3096 1289 3141 110·

164 3186 255 3247 mine
270 3184 465 3265 plerumque
479 3185 572 3265 poni,
590 3180 768 3269 ἀντωνυμία
782 3184 870 3264 apud
881 3184 1017 3247 'Graecos
1031 3183 1289 3266 appellationem

164 3292 285 3355 ducere
304 3292 458 3373 potuerit.
476 3292 593 3371 ltaque
613 3297 644 3352 et
660 3290 694 3353 id
713 3290 802 3370 apud
821 3290 900 3353 illos
921 3299 995 3372 apte
1015 3292 1236 3370 nominatum,
1257 3297 1288 3352 et

164 3415 308 3478 graecum
322 3396 519 3460 vocabulum
533 3403 621 3458 recte
636 3415 655 3457 a
669 3396 799 3459 Latinis
812 3396 999 3459 traductum
1015 3413 1086 3459 esse
1102 3413 1235 3460 censeo.

213 3501 298 3564 Cum
330 3520 408 3564 vero
440 3503 646 3581 provoco-bolo
676 3508 708 3563 et
734 3505 919 3580 pronomina
941 3501 1045 3565 Varro
1075 3501 1283 3583 distinxerit,

165 3609 276 3689 priora
283 3626 343 3687 pro
354 3607 523 3671 vocabulis
535 3626 607 3670 esse
618 3605 667 3687 (id
677 3615 726 3670 est
740 3601 977 3690 appellativis),
990 3606 1095 3670 altera
1109 3625 1167 3689 pro
1181 3609 1289 3670 nomi-

164 3715 263 3777 nihus
278 3708 328 3796 (id
342 3721 390 3776 est
403 3714 561 3797 propriis)
577 3734 653 3777 eum
666 3715 845 3795 putavisse,
863 3715 1015 3795 quamvis
1030 3713 1213 3777 verisimile
1230 3715 1285 3796 sit,

191 3970 211 4008 1.
225 3962 353 4008 Anaucira
362 3963 415 4008 Soc.
425 3951 496 4008 E'tud.
507 3973 554 4021 pr..
565 3969 626 4014 18⁷⁷,
636 3973 660 4019 p.
673 3967 712 4006 rto
723 3973 759 4018 sq.

192 4030 212 4069 ².
228 4042 238 4063 ι
250 4026 285 4072 En
301 4024 395 4077 iactitat,
407 4024 443 4069 les
458 4028 573 4077 ννιωνυμεαι
588 4026 645 4068 sont
655 4023 699 4069 des
710 4035 780 4068 noma
791 4023 835 4083 qui
844 4034 869 4069 ae
883 4024 1083 4080 rmeapoadcna
1093 4035 1190 4069 comme
1200 4035 1227 4070 se
1238 4023 1291 4069 tout

165 4085 276 4131 visi-vis
285 4085 322 4131 les
331 4097 499 4143 pcrsonuages
509 4085 582 4143 qu’lls
591 4086 793 4142 representem...
805 4085 874 4130 Arnai
890 4091 925 4141 ιμ’,
939 4089 963 4130 et
976 4093 1009 4135 «υ,
1024 4097 1080 4140 apsa
1092 4090 1115 4130 et
1129 4088 1185 4140 ὑμτς
1201 4098 1227 4131 se
1239 4098 1292 4132 cor-

166 4149 316 4205 respondent
325 4151 350 4192 et
359 4159 384 4193 re
394 4147 541 4207 conjacuerit
551 4147 616 4193 deux
626 4147 640 4192 i
651 4147 723 4192 deux.
737 4164 747 4186 ι

192 4215 211 4254 υ.
227 4209 263 4256 ct.
274 4209 354 4266 Apoll.
368 4209 471 4266 Dyscol,
482 4211 516 4255 De
524 4220 647 4267 pronam„
660 4207 700 4254 Ed.
711 4208 853 4265 Schneider,
863 4221 887 4266 p.
897 4215 922 4254 e:
933 4225 943 4247 a
955 4211 1047 4264 Ἀμνου
1060 4212 1144 4255 atum„
1156 4219 1177 4253 ω
1189 4211 1211 4254 tr
1221 4216 1290 4254 utu»

165 4276 291 4326 «meopte.
303 4277 332 4315 ὅτι
342 4277 381 4315 ἀντ’
392 4277 484 4326 ὀνόματος
495 4275 575 4316 rituam.
588 4288 598 4317 a
883 4291 886 4300 ¹
