3214 5054
585 444 807 508 -99-

137 586 177 648 Ut
202 588 293 650 enim
317 587 448 649 nullum
472 587 659 669 exemplum
684 589 859 670 protulerit
886 588 1067 669 Palaemon,
1100 590 1166 651 nisi
1197 590 1257 653 illo

138 692 252 756 «velut
265 718 279 747 »
298 695 550 775 praegrediente,
565 696 698 758 credine
712 703 819 778 potest
834 695 965 758 nullum
979 695 1082 757 alium
1097 713 1257 775 gramma·

135 800 235 862 ticum
254 818 294 861 ea
312 799 560 879 particulatam
580 804 748 864 communi
767 819 858 882 aeque
876 820 975 864 usum
995 797 1094 863 esse?
1116 804 1157 864 In
1175 802 1257 865 locis
1333 805 1334 808 ’

136 915 302 986 praeterea,
322 907 380 987 qui
396 909 534 969 nuncin
551 909 730 987 quaestione
746 916 931 989 versantur,
948 908 1129 970 notandum
1144 916 1193 970 est
1207 913 1257 970 in-

135 1019 183 1074 ter
203 1019 359 1092 quattuor
378 1013 522 1091 ordinae,
540 1012 575 1073 id
591 1021 639 1075 est
654 1015 914 1094 conjugationes,
931 1015 1030 1076 verba
1049 1015 1165 1095 dividi,
1184 1031 1258 1078 oum

137 1119 377 1198 Quintilianus,
396 1118 595 1182 Palaemonis
611 1119 806 1202 discipulus,
821 1121 860 1184 de
874 1146 888 1175 α
902 1121 1036 1183 ferveo»
1051 1127 1082 1182 et
1095 1145 1110 1175 ι
1121 1121 1212 1183 fervo
1227 1145 1256 1200 ι,

140 1227 267 1289 «fervit
286 1252 301 1280 a
320 1234 352 1288 et
370 1251 384 1279 α
402 1227 504 1288 servit
522 1251 535 1280 »
550 1219 559 1250 ¹
576 1225 754 1308 disserens,
772 1245 839 1289 non
855 1226 975 1290 claram
990 1227 1259 1306 conjugationum

136 1335 304 1396 notionem
328 1333 485 1396 habuisse
508 1333 670 1396 videatur.
698 1335 783 1396 Tum
807 1352 865 1397 cur
891 1333 1075 1415 Charisius,
1101 1337 1158 1416 qui
1182 1353 1259 1398 suos

138 1450 283 1503 auctores
303 1444 340 1502 in
355 1439 471 1502 eodem
490 1439 575 1502 libro
595 1447 661 1501 tam
681 1459 766 1521 saepe
787 1441 944 1520 laudavit,
962 1442 1017 1505 bic
1037 1441 1259 1505 Palaemonem

138 1565 202 1610 non
215 1541 392 1610 laudaret?
407 1563 466 1609 cur
476 1546 619 1626 deniqne
630 1563 705 1609 cum
714 1547 791 1610 aliis
800 1548 883 1611 locis
897 1550 1041 1630 primum
1055 1547 1256 1631 Geminiani,

139 1653 213 1714 dein
223 1651 436 1733 Palaemouis,
448 1660 611 1732 postremo
623 1653 765 1715 Romani
777 1654 959 1716 doctrinam
970 1653 1194 1735 exscriberet’,
1205 1655 1260 1717 bic

139 1758 381 1823 Palaemonem⁸
399 1757 618 1823 cominiano*
631 1758 863 1840 praeponeret?
883 1761 937 1823 An
957 1779 1034 1839 crgo
1055 1761 1126 1838 haec
1147 1763 1259 1842 conju·

139 1868 306 1942 galienum
325 1865 550 1946 paradigmata
568 1863 764 1930 Palaemonis
780 1885 847 1929 non
863 1869 941 1947 sint,
960 1868 1177 1930 dubitandum
1197 1875 1258 1930 est.

140 1972 301 2054 Attamen,
326 1979 364 2034 ut
379 1989 510 2034 omnem
533 1971 731 2035 calumniam
753 1975 919 2054 effugiam,
943 1973 1102 2036 vocabula
1123 1992 1194 2054 quae
1220 1973 1259 2036 de

141 2079 340 2158 temporibus
360 2079 396 2139 in
416 2079 459 2139 iis
479 2085 681 2157 usurpantur
701 2095 848 2142 seorsum
873 2098 1065 2142 enumerare
1087 2079 1186 2141 volo:
1209 2082 1259 2140 in·

141 2192 225 2246 stans
240 2185 383 2263 scilicet,
396 2186 600 2265 praeteritum
609 2179 851 2266 imperfectum,
864 2186 1057 2266 perfectum,
1070 2185 1260 2267 plusquam·

141 2292 330 2370 perfectum,
348 2290 510 2353 futurum.
526 2291 626 2370 Apud
646 2290 891 2364 Quintilianum
911 2300 1021 2354 autem
1035 2289 1259 2370 praeteritum⁶

142 2405 170 2458 et
180 2398 383 2476 praeteritum
394 2395 808 2477 perfectum⁶solummodo
817 2398 1068 2478 repperi3apud
1080 2393 1258 2460 Scaurum⁷

141 2503 365 2566 indicativum.
382 2502 577 2582 Artigrephi
595 2522 672 2566 vero
688 2504 736 2566 IV
751 2503 866 2567 saeculi
881 2522 948 2567 non
969 2503 1078 2565 solum
1093 2502 1154 2565 alii
1168 2501 1256 2581 aliis,

143 2609 195 2672 sed
218 2608 386 2674 interdum
406 2628 449 2671 ne
472 2610 534 2673 sibi
558 2611 692 2689 quidem
714 2609 840 2688 singuli
860 2611 1095 2673 consentiunt:
1118 2611 1204 2690 quod
1223 2618 1260 2674 ut

143 2716 371 2798 demonstrem,
390 2715 549 2780 vocabula
563 2718 772 2797 percensebo,
791 2717 911 2797 quibus
926 2718 1084 2797 praecipui
1099 2735 1258 2796 gramma·

144 2824 196 2886 tici
210 2826 262 2886 usi
278 2830 369 2885 sunt.

185 2928 357 3012 Sacerdos,
380 2931 419 2992 de
440 2931 643 3010 temporibus
661 2929 862 3008 generaliter
881 2930 1058 3011 disserens,
1081 2934 1256 2994 nominat:

144 3052 294 3117 presens,
313 3037 515 3117 praeteritum
535 3035 776 3116 imperfectum,
796 3036 991 3139 perlectum,
1009 3035 1258 3117 plusquamper-

144 3139 272 3224 fectum,
299 3138 487 3221 futurum⁸3
514 3158 589 3203 cum
611 3149 721 3205 autem
744 3141 1016 3221 conjugationum
1037 3141 1260 3220 paradigmata

145 3246 290 3328 exponit⁰
301 3269 308 3310 :
321 3265 466 3328 praesens
478 3247 531 3310 vel
540 3251 678 3329 instans,
689 3248 893 3329 praeteritum
903 3247 1134 3328 imperfectum
1150 3247 1259 3326 specie

145 3354 338 3436 inchoativa,
356 3356 559 3436 praeteritum
573 3355 766 3436 perlectum,
788 3355 992 3435 praeteritum
1009 3351 1259 3436 plusquamper-

145 3459 261 3525 fectum
276 3463 385 3544 specie
401 3462 614 3544 recordativa,
632 3462 781 3524 futurum
796 3462 906 3541 specie
920 3462 1127 3547 promissiva.

169 3682 188 3718 1.
202 3677 220 3731 l,
230 3682 250 3732 6,
259 3683 271 3721 t
281 3689 319 3734 sq.
330 3675 364 3722 Cl.
376 3688 459 3732 supra,
469 3688 492 3733 p.
504 3681 539 3720 aa.

168 3742 187 3780 a.
201 3737 235 3784 Cl.
250 3737 280 3784 do
293 3737 401 3792 adverb,
412 3737 440 3782 K.
451 3738 469 3792 l,
479 3749 504 3793 p.
517 3743 620 3792 181,181,
631 3743 684 3794 1903
694 3737 725 3783 da
740 3737 926 3794 conjunctione,
936 3735 1006 3792 ibid„
1015 3747 1040 3794 p.
1050 3740 1098 3792 aaa,
1109 3739 1218 3794 185888,
1230 3734 1260 3782 do

50 3785 52 3831 l
144 3808 249 3856 praepos,
260 3799 330 3852 itio„
339 3812 363 3857 p.
374 3804 478 3854 188881,
490 3804 542 3855 aem
552 3799 582 3845 de
592 3799 724 3856 interjoct,
734 3799 804 3853 itia,
815 3811 840 3856 p.
851 3805 899 3855 aas,
910 3804 957 3844 sae.

169 3867 187 3904 o.
201 3861 225 3906 P.
236 3867 331 3907 188-115.

168 3929 187 3965 4,
201 3922 224 3967 P.
235 3929 274 3969 175
284 3936 338 3981 sqq.

169 3989 187 4027 5.
202 3986 219 4040 1,
228 3993 249 4041 4,
259 3992 293 4032 ae.

168 4051 187 4090 o.
202 4047 219 4102 1,
229 4055 250 4102 e,
260 4054 294 4092 811.

170 4109 407 4167 tbfflpaem

170 4176 189 4214 8.
202 4171 229 4216 K.
240 4173 279 4228 Vl,
288 4185 312 4230 p.
322 4178 375 4228 4323
385 4171 472 4217 eedem
482 4171 584 4216 nomina
593 4169 695 4225 Victor„
705 4181 729 4228 p.
741 4175 788 4216 199.

171 4238 190 4277 8,
203 4233 272 4288 roto,
282 4246 306 4292 p.
316 4239 357 4279 485
366 4245 420 4291 sqq.
