3214 5054
728 471 1039 550 -14o-‚

287 622 321 682 in
344 628 500 681 accentum
524 618 749 680 traduxerunt.
776 640 791 671 ι
810 616 896 678 Nam
920 616 1008 697 apud
1031 613 1163 679 Graecos
1186 613 1264 700 πρός
1287 615 1411 677 dicitur

287 725 339 804 ad,
356 734 555 787 conterrere
571 721 634 810 ᾠδή
650 732 785 787 vocatm·
796 721 818 784 ¹.
839 747 853 776 ι
871 721 942 786 Hoc
956 721 1154 785 vocabulum
1168 722 1322 785 obtinuit.
1341 718 1407 781 Sed

286 854 305 896 a
329 830 439 894 Gellio
455 832 684 910 cognoscimus
695 827 718 909 ²,
739 854 753 883 α
771 847 851 910 quas
868 827 974 892 Graeoi
988 827 1161 917 προσῳδίας
1175 829 1332 908 dicerent,
1352 844 1407 888 eas

286 949 412 1002 veteres
430 939 540 1001 doctos
556 946 624 1000 tum
640 947 858 1013 notescerem,
875 944 946 998 tum
964 935 1200 1014 moderemmta,
1217 944 1287 998 turn
1302 951 1406 996 eccem-

285 1046 450 1122 Immolet,
469 1052 539 1107 tum
554 1039 776 1104 vocotetmnes⁸
790 1041 985 1122 appellasse.
1007 1066 1022 1095 »
1039 1041 1153 1103 Prima
1171 1050 1281 1112 autem
1296 1040 1405 1120 appel-

285 1152 409 1214 latione
429 1151 562 1228 signum
583 1166 647 1229 quo
670 1156 823 1211 accentus
845 1149 881 1210 in
904 1147 1076 1210 scribendo
1097 1147 1281 1228 notabatur,
1304 1147 1405 1226 signi·

285 1260 418 1320 ficetum
429 1273 500 1319 esse
512 1254 627 1344 liquet,
642 1257 727 1317 sicut
743 1253 796 1315 his
811 1254 1015 1324 nominibus,
1029 1270 1101 1333 quae
1112 1253 1199 1334 apud
1212 1253 1406 1316 Diomedem

285 1362 495 1426 invenimus⁴
519 1383 528 1424 z
554 1387 568 1416 ι
587 1362 752 1424 Accentus
773 1361 911 1441 quidam¹
930 1363 1056 1438 fastigia
1080 1368 1296 1438 vocaverunt,
1320 1360 1408 1440 quod

285 1472 321 1531 in
337 1469 499 1550 capitibus
515 1466 700 1530 litterarum
720 1475 990 1548 ponerentur....,
1007 1467 1162 1529 nonnulli
1183 1469 1341 1530 cucumim
1356 1485 1406 1528 re-

285 1579 389 1638 dnere
408 1574 609 1639 maluerunt.
628 1600 642 1629 ι
667 1574 714 1636 Ex
736 1581 905 1637 «accentu
923 1599 951 1655 a,
974 1575 1096 1655 quippe
1115 1575 1211 1654 cujus
1231 1575 1406 1637 deminuti-

283 1701 362 1745 vum
378 1681 432 1761 sit,
450 1706 464 1734 ι
478 1681 737 1742 accentienculam
751 1703 766 1732 »
779 1680 977 1743 vocabulum
986 1680 1164 1744 deductum
1175 1699 1246 1744 esse
1261 1689 1404 1761 apparet.

289 1788 474 1850 Voculattone
495 1795 605 1848 autem
625 1792 656 1847 et
675 1785 898 1847 melioramento
917 1785 1142 1848 declarabatur
1160 1806 1219 1866 per
1237 1793 1408 1849 accentum

287 1910 400 1955 vocem
419 1891 521 1954 variis
541 1891 627 1954 ilecti
647 1891 766 1972 modis,
786 1899 817 1953 et
838 1892 935 1953 certis
954 1891 1080 1971 regulis
1102 1893 1196 1972 quasi
1216 1893 1405 1972 gubernari.

330 1997 428 2070 Quod
450 1997 616 2078 adipeam
635 1998 726 2060 vocis
745 1997 1005 2060 modulationem
1025 2006 1057 2059 et
1079 2006 1228 2061 tenorem
1252 2000 1405 2079 pertinet,

286 2113 351 2167 tres
380 2105 528 2167 diversos
556 2112 709 2166 accentus
737 2104 889 2184 plerique
918 2104 1166 2183 dignoscebant,
1196 2122 1291 2184 quos,
1324 2112 1407 2167 teste

288 2211 405 2289 Sergio
420 2209 443 2291 ⁶,
474 2210 674 2291 Dionysius,
710 2210 933 2273 «Aristarchi
961 2211 1161 2291 discipulus,
1192 2201 1407 2290 cognomento

287 2316 396 2378 Thrax
410 2343 439 2396 v,
454 2316 642 2396 tradiderat,
654 2317 780 2402 damiam
790 2314 928 2392 scilicet,
942 2312 1056 2400 ὀξεῖαν,
1065 2317 1297 2402 aepiscopatum
1306 2313 1410 2402 (repoe-

285 2419 404 2511 ῳδίαν).
426 2423 499 2485 Duo
520 2425 627 2503 prima
649 2421 826 2502 vocabula,
849 2441 868 2483 a
886 2424 1023 2485 musicis
1042 2431 1210 2505 usurpata,
1229 2423 1412 2505 jamapud

288 2527 461 2591 Platonem
476 2527 795 2609 deprehenduntur⁰,
809 2537 841 2591 et
856 2547 875 2590 a
890 2528 1017 2591 Latinis
1032 2531 1074 2592 ad
1083 2531 1221 2593 verbum
1235 2531 1272 2592 in
1286 2549 1412 2608 precem

288 2644 320 2697 et
342 2645 465 2697 erutum
489 2635 636 2698 traducta
660 2644 748 2699 sunt.
776 2633 841 2698 Pro
866 2645 954 2698 acuto
977 2644 1088 2699 tamen
1117 2655 1272 2698 summum
1296 2644 1413 2699 tonum

290 2743 412 2804 dixisse
438 2742 613 2819 Nigidium
638 2741 770 2805 Gellius
793 2740 963 2805 testatur⁷.
990 2742 1076 2806 'lum
1099 2743 1330 2828 reerectionem,
1358 2745 1412 2806 cui

289 2847 390 2909 latine
416 2850 650 2909 circomtmetus
673 2848 903 2929 responderet,
931 2867 949 2910 a
977 2847 1185 2922 Quintiliano
1213 2868 1273 2931 per
1300 2853 1414 2929 {lecum

288 2952 470 3034 redditur⁸,
490 2977 506 3007 ι
524 2955 680 3034 quoniam
700 2957 807 3035 prima
827 2949 1009 3044 (upoepdie)
1028 2964 1137 3019 erecta
1154 2975 1269 3019 rursus
1287 2957 1325 3018 in
1340 2975 1413 3036 gra-

289 3080 363 3124 vem
376 3057 535 3123 flectitur⁸
548 3080 578 3141 »ς
595 3061 654 3122 alii
667 3069 777 3124 autem
793 3065 938 3140 inflexum
949 3063 1063 3124 dicunt
1071 3059 1105 3144 ¹⁰,
1119 3062 1268 3144 plerique
1282 3065 1413 3125 circem-

291 3165 753 3248 pemm¹1,quodvoeabulum
768 3167 805 3230 ad
822 3168 859 3229 id
868 3176 1013 3231 creatum
1028 3186 1099 3230 esse
1116 3169 1224 3250 credo,
1238 3177 1285 3251 ut,
1298 3173 1415 3230 circum

291 3273 524 3353 praepositione
548 3290 607 3353 pro
629 3272 700 3358 περί
720 3272 880 3355 adhibita,
904 3291 1047 3351 graecum
1071 3275 1287 3360 περισπωμένη
1306 3278 1414 3353 magis

291 3379 422 3459 proprie
445 3378 688 3442 transferretur.
716 3378 858 3452 Quidam
882 3380 1036 3461 denique,
1061 3381 1148 3442 inter
1170 3398 1251 3461 quos
1276 3380 1415 3459 Sergius

319 3652 339 3689 1.
354 3645 429 3700 Serv,
440 3645 468 3690 Κ.
479 3644 518 3700 1v,
529 3657 553 3702 p.
563 3649 613 3690 me.

319 3711 339 3750 a.
354 3707 416 3761 XIII,
427 3713 447 3752 6.

319 3773 339 3812 a.
354 3769 442 3825 Nigid,
453 3780 491 3826 ap.
502 3768 571 3825 dell,
582 3768 643 3825 XIII,
654 3775 688 3815 aa.

318 3837 339 3875 4.
354 3829 382 3874 K.
393 3829 411 3885 I,
422 3843 446 3887 p.
455 3837 503 3874 431.

319 3895 339 3936 5.
354 3890 488 3948 Explenda
499 3892 527 3937 in
537 3893 636 3947 Donat,
645 3892 674 3939 K.
686 3892 759 3950 1v‚p.
770 3899 819 3941 62⁹.

319 3958 340 3996 6.
354 3953 470 4009 septae,
481 3967 504 4011 p.
515 3959 561 4000 253.

321 4020 342 4058 I.
356 4015 418 4070 XIII,
429 4021 462 4061 26.

319 4081 340 4120 a.
356 4075 374 4131 I,
384 4082 405 4132 5,
416 4083 442 4122 aa
452 4089 520 4135 sqq.;
532 4077 562 4123 ci.
573 4079 648 4136 serg,
659 4079 687 4125 Κ.
698 4079 737 4136 1v,
748 4092 772 4138 p.
793 4086 841 4127 5³1.

320 4144 341 4184 a.
356 4139 431 4196 serg,
443 4138 460 4184 l.
470 4151 489 4186 c.

321 4205 355 4246 10.
369 4200 488 4257 Diomod,
498 4201 526 4246 II.
537 4203 554 4255 1,
565 4214 589 4259 p.
600 4209 648 4259 431,
659 4208 706 4250 etc.

319 4256 354 4308 11'.
370 4262 551 4309 «circumflexe
561 4263 657 4322 syllaba
668 4285 688 4321 n,
699 4277 737 4324 ap.
749 4265 819 4323 dell,
830 4266 869 4323 1v,
880 4274 900 4314 r.
912 4286 922 4308 ι
934 4269 1162 4326 circumducitur»,
1173 4269 1265 4326 Quint,
1275 4270 1326 4327 XII,
1337 4276 1372 4327 10,
1384 4277 1420 4319 ³3.
