3124 5050
180 457 268 553 .’
512 471 808 536 γ-33-

136 619 249 694 pueris
269 620 457 679 necessaria
475 615 683 696 videbantur,
705 615 932 679 tantummodo
953 617 1258 698 comprehenderat.

136 721 224 784 Nam
243 740 317 784 cum
332 721 413 784 duas
432 730 518 796 artes
532 725 731 802 scripsisset,
750 721 885 784 alteram
900 723 1141 803 brevissimam,
1160 727 1261 787 inter·

136 829 364 908 rogationibus
380 835 412 892 et
430 831 702 908 responsionibus
721 829 927 910 dispositam,
945 831 1173 911 tironibusque
1189 832 1261 894 des-

137 941 286 1019 tinatam,
305 937 443 1000 alteram
460 936 559 1016 paulo
579 937 767 1000 uberiorem
786 936 1042 1017 doctioremque,
1063 939 1172 1001 medio
1192 956 1261 1001 aevo

138 1051 172 1107 et
190 1051 284 1106 aetate
303 1051 534 1107 renovatorum
555 1043 739 1106 litterarum
760 1044 795 1104 in
814 1044 943 1105 minore
962 1050 1053 1122 parte
1075 1063 1171 1107 omne
1193 1046 1261 1107 fere

139 1152 288 1214 studium
307 1155 453 1229 positum
472 1159 532 1212 est.
555 1151 585 1212 A
605 1152 733 1213 Donato
753 1168 830 1212 vero
851 1149 1037 1212 introducta
1055 1151 1193 1214 fortasse
1213 1157 1263 1213 est

138 1277 182 1320 ea
194 1258 408 1339 consuetude,
427 1275 499 1338 quae
520 1257 568 1318 IV
583 1257 704 1321 saeculo
720 1257 876 1336 obtinuit,
894 1264 931 1320 ut
946 1258 1073 1320 duobus
1093 1259 1189 1320 libris
1204 1277 1263 1320 no-

138 1368 249 1426 tiones
271 1367 499 1442 grammaticas
518 1363 701 1444 artigraphi
716 1370 928 1442 exponerent,
946 1382 1035 1425 nunc
1049 1365 1187 1426 rudibus
1208 1364 1263 1426 lit·
1333 1340 1337 1351 ⁸

139 1479 297 1552 terarum,
319 1489 409 1532 nuno
430 1470 570 1532 eruditis
593 1466 839 1532 consulentes¹.
863 1470 956 1532 Inter
975 1475 1138 1534 minorem
1154 1477 1261 1534 autem

141 1585 174 1640 et
192 1577 352 1656 majorem
371 1583 474 1638 artem
493 1576 616 1640 Donati
631 1577 695 1639 hoc
714 1581 863 1658 interest,
889 1577 977 1657 quod
998 1581 1034 1640 in
1055 1582 1261 1652 universum,

114 1761 120 1769 ι
140 1683 317 1764 praecipuis
332 1683 543 1762 notionibus,
568 1690 725 1762 quantum
747 1684 819 1745 fieri
834 1691 954 1763 potest,
970 1684 1090 1745 iisdem
1103 1686 1214 1747 verbis
1229 1685 1263 1745 in

142 1797 281 1869 utraque
296 1789 478 1871 explicatio,
496 1789 673 1851 reconditae
690 1790 838 1869 quaedam
853 1797 885 1850 et
900 1790 1062 1853 doctiores
1084 1795 1120 1852 in
1141 1791 1264 1870 majore

141 1896 322 1975 adduntur,
339 1899 375 1957 in
387 1898 515 1958 minore
531 1904 641 1958 antem
656 1895 917 1958 declinationum
932 1891 1265 1976 conjugationumqne

142 2002 380 2084 paradigmata,
396 2019 469 2081 quae
486 2003 522 2062 iu
538 2001 640 2063 altera
656 2002 786 2082 desunt,
804 2000 1043 2082 exponmitur².

188 2107 323 2170 Flavius
347 2107 516 2189 Sosipater
543 2106 718 2170 Charisius
739 2128 794 2172 eos
815 2109 843 2170 V
866 2109 978 2190 libros,
997 2111 1117 2189 quibus
1143 2127 1264 2172 nomen

146 2235 245 2278 sunm
266 2217 419 2296 praefixit,
437 2234 476 2277 ex
498 2215 640 2278 aliorum
659 2220 947 2294 grammaticorum
967 2220 1071 2296 copiis
1092 2235 1125 2278 se
1142 2220 1266 2296 compi-

145 2322 232 2384 lasse
258 2329 290 2384 et
314 2326 558 2385 consarcinasse
573 2323 746 2401 profitetur
765 2327 801 2384 in
823 2323 965 2404 epistula
987 2323 1028 2385 ad
1043 2323 1150 2384 tilium
1165 2340 1262 2401 quam

147 2433 245 2490 initio
271 2432 382 2508 operis
403 2432 593 2509 praeposuit.
620 2427 662 2490 In
686 2431 873 2492 auctoribus
902 2437 1012 2492 autem
1041 2430 1265 2493 exscribendis

149 2537 262 2598 nescio
278 2553 320 2596 an
336 2554 450 2598 omnes
466 2535 567 2614 hujus
589 2540 694 2597 aetatis
714 2544 781 2597 tam
800 2541 970 2617 imperitos
986 2536 1191 2617 artigraphos
1206 2540 1266 2597 im-

150 2645 270 2721 peritia
286 2649 317 2703 et
332 2645 465 2703 inscitia
480 2644 695 2721 superaverit.
713 2641 765 2704 Ita
780 2646 868 2704 enim
890 2641 998 2704 soluto
1016 2643 1084 2704 iere
1101 2642 1215 2704 ordine
1231 2661 1269 2703 ea

149 2751 297 2826 congerit
311 2765 384 2828 qnae
401 2750 572 2828 excerpsit,
589 2756 624 2810 ut
639 2766 729 2810 nunc
749 2757 814 2811 tres
835 2748 987 2829 pluresve
1003 2749 1166 2811 doctrinas
1183 2750 1269 2809 inter

150 2874 185 2918 se
202 2854 347 2916 diversas
364 2855 519 2933 deinceps
536 2854 734 2932 singillatim
750 2863 889 2935 enarret,
908 2875 1071 2935 nusquam
1086 2874 1179 2917 suam
1194 2872 1267 2934 pro-

151 2965 257 3042 priam
282 2965 481 3023 sententiam
506 2980 712 3042 expromens,
740 2979 860 3024 nnnce
882 2962 1024 3038 singulis
1050 2959 1269 3041 complurium

151 3070 440 3146 grammaticorum
483 3069 745 3147 commentariis,
787 3068 975 3129 dilaceratis
1011 3069 1266 3146 permixtisque,

152 3192 258 3236 unum
274 3175 402 3236 efficere
421 3173 582 3236 videatur.
604 3199 618 3227 «
637 3173 829 3236 Videatur»
848 3174 940 3252 dico;
958 3193 1034 3234 nam
1055 3171 1272 3235 dubitandum

151 3286 202 3342 est
223 3297 265 3340 an
281 3286 361 3341 tunc
380 3297 511 3358 quoque
534 3279 637 3341 alium
658 3279 897 3360 artigraphum,
926 3287 1146 3361 excerptorem
1171 3285 1202 3339 et
1222 3296 1272 3339 or·

153 3389 337 3450 dinatorem
362 3388 628 3450 observationum
649 3407 693 3448 ex
711 3389 953 3466 antiquioribus
974 3388 1121 3450 fontibus
1142 3386 1273 3448 hausta·

153 3513 238 3574 rum,
257 3500 389 3556 secutus
405 3490 476 3554 sit³.
496 3493 530 3554 Is
545 3501 595 3554 est
610 3497 710 3574 enim,
723 3512 832 3575 quem,
846 3502 883 3556 ut
893 3498 939 3555 ita
950 3495 1067 3573 dicam,
1084 3512 1143 3572 per
1158 3511 1191 3554 se
1202 3496 1274 3554 siue

154 3603 277 3663 cortice
292 3617 371 3661 nare
390 3618 458 3662 non
484 3617 591 3680 posse,
612 3600 686 3679 jure
702 3603 863 3680 suspicias
882 3622 889 3662 ε
909 3600 1126 3680 quiquidem,
1146 3603 1175 3660 si
1190 3599 1274 3660 forte

153 3713 268 3769 auctor
284 3705 356 3785 ejus
371 3705 413 3766 ad
427 3704 530 3767 alium
545 3707 597 3767 sui
612 3705 734 3769 librum
750 3706 804 3770 vel
819 3707 929 3770 locum
944 3706 1091 3784 legentes
1111 3705 1272 3785 rejecerit,

153 3884 370 3895 --—-—-—fl

182 4012 201 4048 1.
216 4004 288 4060 Jeep,
299 4001 315 4047 t.
326 4013 355 4052 a,
366 4013 391 4060 p.
401 4007 437 4046 58.-

180 4071 200 4110 a.
216 4065 252 4112 Cf.
265 4066 335 4121 Jeep,
346 4063 361 4109 l.
373 4076 402 4116 c,
412 4075 437 4120 p.
448 4069 483 4118 rt,
494 4063 536 4108 ubi
546 4065 663 4110 nonnulli
673 4065 723 4110 loci
733 4065 864 4120 utriusque
875 4063 933 4108 ortis
944 4065 1111 4119 opponuntur.

179 4134 199 4174 ³.
214 4129 235 4174 Α
250 4125 403 4184 quibusdam
419 4130 529 4171 ceterum
540 4125 565 4170 id
576 4138 676 4184 quoquo
690 4126 717 4171 in
732 4126 807 4172 dubio
826 4126 934 4181 ponitur,
950 4129 1032 4168 utrum
1044 4125 1097 4179 ipso
1107 4124 1279 4177 Palsnnonem,

154 4191 303 4244 Romanum,
314 4189 378 4234 ulios
388 4199 451 4246 quos
462 4187 573 4234 nominat
586 4189 680 4245 adierit,
691 4201 723 4234 an
733 4189 802 4234 locos
813 4199 842 4232 ox
852 4187 883 4231 iis
893 4189 1021 4242 excerptos
1031 4196 1045 4228 a
1055 4187 1180 4242 superiore
1196 4183 1279 4240 aliquo

152 4253 315 4312 grammatico
325 4253 453 4298 mutuatus
463 4249 501 4295 sit.

260 4355 295 4388 n!
310 4354 408 4388 ornum.
423 4352 512 4385 vocar.
1161 4338 1173 4376 3
