3124 5050
754 461 978 526 ,82-

305 607 512 685 cognomina,
530 606 614 668 fiunt
629 607 781 684 trionyma
796 602 979 692 (rpodrepc)
993 627 1001 685 3
1019 608 1047 668 si
1063 613 1221 687 praterea
1234 610 1421 688 agnomina,

303 722 502 790 tetraonpmc.
521 712 589 776 Sed
602 713 673 774 haec
689 712 755 776 duo
769 712 929 776 vocabula
939 730 1007 776 nou
1022 721 1096 776 aute
1111 712 1323 775 Prisciauum
1338 713 1425 792 apud

304 820 439 883 Latinos
453 818 597 902 inveni¹,
616 837 678 882 neo
693 821 781 900 apud
795 819 926 884 Graecos
942 821 1172 898 grammaticos
1186 820 1308 882 usitata
1321 819 1424 882 fuisse

303 927 412 990 oredo.
440 925 515 990 dam
539 934 714 1005 sequentes
738 927 908 990 nonnullae
932 928 1060 1008 species
1075 927 1218 1008 propriis
1232 927 1425 988 nominibus

304 1033 518 1114 subjiciendae
540 1041 629 1113 sunt,
653 1051 735 1114 quas
758 1035 888 1114 antiqui
911 1035 952 1096 ab
967 1035 1010 1096 iis
1032 1034 1208 1112 seperatim
1224 1033 1423 1096 constituere

304 1146 336 1202 et
349 1141 513 1221 inspicere
529 1139 689 1203 solebant.
707 1142 923 1218 Patronymico
942 1135 1211 1226 (ncrpcropmoi)'
1226 1139 1333 1219 primo
1352 1138 1423 1201 loco

303 1245 455 1325 ponenda
475 1252 562 1326 sunt,
581 1262 666 1327 qnae,
688 1262 794 1324 graeco
814 1245 978 1327 appellata
991 1244 1163 1324 vocabulo,
1181 1263 1200 1306 a
1219 1251 1351 1325 patrum
1366 1263 1424 1308 no-

303 1353 449 1414 minibus
471 1351 618 1414 derivata
641 1351 786 1414 [iliorum
800 1359 1023 1432 nepotumque
1038 1355 1174 1414 nomina
1188 1353 1321 1432 proprie
1337 1352 1423 1414 desi·

302 1456 572 1536 gnant.Abusive
583 1465 691 1519 tamen
700 1457 814 1518 eedem
824 1455 1048 1537 appellatione
1059 1455 1424 1535 interduminsigniun-

303 1571 357 1624 tur
371 1569 403 1625 et
417 1581 436 1624 a
450 1562 611 1626 matribus
627 1569 660 1625 et
674 1581 693 1624 a
707 1563 841 1641 regibus
861 1562 914 1626 vel
930 1563 1155 1626 conditoribus
1177 1569 1208 1624 et
1227 1581 1246 1624 a
1264 1564 1423 1626 fratribus

242 1729 244 1734 ,
301 1668 470 1736 formata³.
488 1672 533 1733 At
550 1671 687 1750 Sergius
699 1666 743 1754 (?)
754 1688 813 1751 pro
825 1673 1035 1749 patronymico
1049 1688 1139 1732 nunc
1149 1669 1321 1750 patrionr⁴‚
1335 1689 1424 1734 nuno

300 1777 399 1854 graeci
425 1775 577 1839 vocabuli
601 1777 741 1854 figurem
764 1776 806 1838 ad
829 1775 966 1838 latinam
988 1776 1262 1838 consuetudinem
1286 1793 1423 1839 conver-

301 1881 751 1960 1311110111111111101111111111(11111ᾖ
760 1902 769 1960 3
779 1883 945 1962 hujusque
957 1881 997 1943 ad
1007 1881 1173 1962 exemplar
1186 1881 1276 1944 idem
1285 1885 1423 1945 finxisse

301 1989 434 2052 videtur
454 1996 486 2052 et
508 1991 717 2051 oeconomicum
741 1996 772 2051 et
786 1986 1068 2051 matrorromiocm⁶.
1087 1987 1172 2051 Tum
1192 2006 1265 2069 quae
1287 1997 1423 2068 gentem

300 2096 500 2175 significant,
523 2091 668 2173 gerttilt'o'
691 2089 853 2180 (e'trtxdr⁸)
869 2104 924 2157 aut
946 2092 1068 2173 pentis⁸
1087 2102 1145 2157 aut
1165 2104 1280 2172 gentem
1302 2100 1424 2177 signifi-

299 2204 402 2263 cantia
410 2199 443 2279 ¹⁰,
466 2220 538 2282 quae
555 2209 664 2264 autem
686 2203 837 2283 patriam,
857 2199 989 2280 patric¹¹
1012 2208 1068 2264 eut
1084 2199 1222 2279 patria¹²
1246 2211 1420 2268 vocantur.

299 2308 340 2368 Iu
354 2307 408 2370 his
424 2326 553 2389 quoque
573 2307 800 2370 Priscianusa
820 2309 1046 2390 superioribus
1070 2307 1271 2388 'artigraphis
1296 2309 1421 2396 differt,

299 2413 387 2492 quod
401 2432 461 2494 pro
472 2415 820 2478 circumlocutionibus
835 2413 995 2477 vocabula
1014 2413 1182 2495 simplicia
1192 2423 1340 2496 usurpat.
1355 2417 1425 2478 Ad-

299 2519 445 2582 dendum
464 2528 513 2582 est
534 2539 608 2583 eum
616 2525 830 2600 patronymica
844 2523 932 2584 inter
948 2521 1104 2602 derivata,
1117 2522 1243 2598 gentilia
1254 2526 1424 2601 potr-ioque

297 2628 385 2689 inter
399 2627 598 2707 appellativa
612 2627 840 2707 adscripsisse.

342 2733 644 2814 Aliequaeoumque
655 2737 692 2795 in
703 2735 845 2815 propriis
856 2734 1175 2814 nominibusrepoui
1186 2752 1253 2795 non
1264 2743 1420 2814 possunt,

297 2838 1293 2925 aStoicisnuncupatasuntrpocnrdpmrNocabulumautem
1304 2865 1320 2895 ι
1331 2864 1425 2926 προσ-

295 2944 405 3030 ηγορία
429 2970 444 3000 »
467 2965 486 3007 a
508 2970 522 2999 ‹<
545 2944 811 3031 προσαγορεύειν»
832 2947 1016 3010 derivatum
1030 2955 1090 3026 est,
1109 2946 1145 3008 id
1165 2954 1214 3008 est
1232 2971 1247 3000 ‹<
1265 2964 1387 3009 vocare
1406 2972 1422 3001 »

295 3059 350 3114 aut
368 3052 566 3133 «appellare
585 3079 614 3116 ».
634 3053 748 3133 Itaque
766 3053 876 3114 Latini
891 3054 955 3115 hoc
968 3053 1185 3116 reddiderunt
1195 3061 1251 3116 aut
1261 3073 1322 3133 per
1331 3072 1425 3116 roca-

321 3330 341 3429 ἐ.
356 3321 682 3441 Biesncpffsniihfflpptgletc.
698 3382 867 3440 Patronymicc
881 3383 955 3438 (adr.)
969 3385 1069 3428 Romen.
1085 3385 1133 3440 (ap.
1151 3383 1229 3439 Chen,
1245 3384 1273 3429 K.
1290 3385 1308 3439 1,
1325 3397 1350 3441 p.
1368 3386 1427 3438 124).

293 3445 464 3502 Petronymica
478 3446 560 3491 bonet.
571 3445 600 3500 (K
624 3446 662 3500 1v,
673 3457 696 3502 p.
708 3449 764 3499 313),
782 3445 900 3499 Diomcd.,
916 3446 1007 3491 Charis.
1024 3447 1060 3501 (Κ.
1077 3447 1095 3502 1,
1105 3457 1130 3503 p.
1143 3452 1189 3502 155,
1205 3448 1261 3500 3²3),
1276 3446 1374 3494 Dosith.
1386 3449 1425 3502 (K.

292 3507 342 3563 VH,
353 3520 376 3565 p.
387 3509 442 3562 3115),
453 3506 570 3553 PriscIun.
582 3507 617 3561 (K.
630 3507 658 3562 11,
670 3513 782 3564 1163113,
794 3509 857 3561 cto).

321 3575 341 3614 3.
357 3569 482 3622 Pnacium,
494 3570 521 3614 K.
532 3569 560 3623 11,
571 3582 593 3625 p.
606 3575 631 3614 63
641 3582 676 3626 sq.

319 3639 341 3676 4.
354 3631 461 3688 Ecpton.
473 3631 501 3676 in
510 3633 608 3684 Donat,
618 3631 645 3686 11,
657 3631 684 3676 K.
696 3630 734 3687 1v,
745 3643 768 3688 p.
779 3636 826 3676 533.
838 3632 890 3676 Jam
902 3642 940 3688 ap.
953 3630 1054 3685 Quintil.
1064 3634 1099 3687 (=
1108 3631 1257 3688 Polemon),
1266 3632 1310 3678 scd
1322 3631 1426 3678 incerto

293 3693 435 3798 segsffp(gg,⁵'
446 3693 489 3746 45).

319 3822 339 3860 o.
354 3813 399 3867 111,
408 3827 432 3872 p.
443 3822 491 3860 oar.
1360 3869 1362 3871 ,

319 3883 340 3950 ,⁷-
355 3877 438 3932 Priso.,
449 3878 476 3923 Κ.
487 3878 515 3934 ΙΙ,
528 3890 551 3935 p.
562 3884 596 3933 61,
608 3879 654 3923 etc.
667 3877 700 3924 cf.
712 3875 838 3936 gentilicia
849 3879 934 3932 (vern,
946 3878 984 3934 IX,
995 3884 1029 3933 60,
1040 3881 1064 3923 et
1074 3878 1191 3935 Diomed,
1202 3879 1230 3924 Κ.
1240 3878 1258 3933 Ι,
1270 3889 1294 3935 p.
1306 3881 1368 3937 330),
1379 3882 1425 3926 sed

293 3938 341 4046 ahs?
351 3951 500 4056 {cippum
511 4015 534 4058 p.
545 4008 579 4058 33,
591 4004 636 4047 eto.

319 4070 338 4108 9.
355 4062 448 4118 Donat„
458 4065 485 4109 K.
496 4064 533 4116 IV,
544 4076 567 4121 p.
579 4071 625 4109 314.
638 4064 761 4118 consent„
772 4064 798 4108 K.
810 4065 838 4118 V,
849 4077 872 4121 p.
884 4071 931 4109 3111.

319 4132 351 4169 10.
369 4125 469 4232 tiburis}
481 4125 599 4232 ῗίυωοᾱ,
611 4127 711 4183 Excerp.
722 4125 778 4170 Bob.
790 4127 826 4182 (K.
839 4126 855 4181 1,
867 4137 891 4184 p.
903 4131 949 4182 151,
960 4132 1006 4180 331,
1017 4128 1073 4183 535),
1085 4128 1131 4174 otc.

319 4193 352 4294 g.
367 4187 461 4305 boldai,
471 4219 593 4304 densent„
605 4248 620 4294 l.
633 4260 651 4294 c.
