3214 5054
747 456 992 520 -116—

311 601 485 682 participia
494 595 651 683 (Loquor,
661 595 799 682 Venor)
809 599 875 662 aha
884 599 963 662 bina
974 595 1106 682 Curre,
1119 594 1278 682 Ambulo
1289 599 1428 662 efficere.

313 707 378 770 Sed
398 707 458 770 has
476 708 602 785 species
621 723 682 768 nec
702 705 898 768 clarioribus
917 705 1188 769 distinctionibus
1207 723 1269 768 nec
1286 704 1431 785 peculia-

310 816 402 876 ribus
421 813 612 876 nominibus
628 813 714 876 inter
729 832 764 878 se
784 821 841 876 aut
855 812 895 876 ab
909 811 988 875 aliis
1003 821 1197 894 separat,ut
1211 832 1317 894 neque
1333 813 1436 892 depo·

310 921 461 983 nentium
483 937 591 1000 neque
616 927 809 983 neutrorum
833 919 1008 982 verborum
1033 919 1239 982 enucleatam
1262 921 1446 982 notionem

310 1046 386 1090 eum
400 1025 556 1090 habuisse
571 1033 736 1106 appareat.
755 1024 870 1106 Neque
886 1025 973 1088 ultra
991 1043 1181 1106 progressos
1196 1044 1268 1088 esse
1283 1025 1431 1088 Plinium

311 1143 343 1197 et
363 1133 584 1195 Palaemonem
604 1134 755 1196 arbitror.
777 1131 958 1212 Pompeius
973 1131 1082 1194 enim¹
1088 1178 1096 1214 ,
1119 1141 1193 1213 post
1194 1152 1292 1214 quam
1306 1133 1431 1196 rettulit

311 1239 586 1320 qrreniadnrodum
599 1237 731 1300 Plinius
743 1237 932 1302 definiverat
941 1241 1086 1302 activum
1097 1247 1129 1300 et
1140 1255 1326 1318 passivum
1339 1238 1431 1312 ‹Qni

310 1349 436 1425 dicunt,
461 1347 581 1426 inquit,
600 1346 682 1408 duas
696 1364 767 1408 esse
789 1345 962 1426 significat
954 1363 1059 1426 iones,
1076 1347 1202 1424 agentis
1218 1353 1249 1406 et
1262 1363 1304 1426 pa
1306 1347 1428 1424 tientis,

312 1461 426 1516 tenent
446 1470 480 1514 se
499 1453 543 1514 ad
562 1451 638 1514 illes
652 1470 704 1514 res
720 1468 800 1532 quas
815 1451 895 1530 dixi,
913 1451 946 1512 id
967 1459 1017 1513 est
1035 1449 1140 1514 Plinii
1155 1450 1301 1514 Secundi
1316 1451 1432 1513 defini·

312 1561 449 1622 tionem
470 1583 484 1613 ι
503 1558 672 1634 Quoniam
686 1565 743 1619 aut
745 1576 796 1619 em
815 1556 912 1638 plura
927 1576 998 1620 esse
1013 1574 1135 1636 genera
1148 1558 1321 1620 verborum
1335 1556 1434 1620 Ριιιιι-Ι

311 1667 406 1752 peius
431 1664 612 1745 contendit,
631 1682 741 1727 nonne
767 1663 871 1726 Plinii
897 1666 1126 1728 auctoritatem
1151 1663 1378 1744 praetendere,
1406 1666 1431 1725 si

219 1835 223 1842 ,
311 1769 448 1835 eandem
468 1772 661 1852 opinionem
681 1770 815 1834 Plinius
840 1768 1067 1835 defendisset?
1082 1771 1131 1834 De
1152 1770 1340 1833 Palaemone
1355 1788 1431 1834 vero

310 1881 463 1960 conjicio,
481 1888 517 1942 ut
532 1879 633 1958 soleo,
652 1898 691 1942 ex
715 1879 916 1953 Quintiliani
931 1881 1092 1943 doctrina.
1109 1880 1174 1943 Hic
1187 1888 1297 1942 autem
1312 1879 1432 1956 figuras

310 1986 539 2066 grammaticas
559 1983 782 2066 per²sequens
785 2030 793 2064 ,
818 1994 927 2049 enotat
946 2003 1007 2050 nos
1031 2011 1045 2041 ι
1069 1995 1112 2068 e,
1131 2003 1203 2067 quae
1222 1986 1362 2048 iacimus
1378 2003 1433 2063 pa·

310 2093 415 2162 tiendi
434 2092 532 2155 modo
554 2109 640 2174 saepe
661 2093 781 2173 dicere,
805 2101 843 2156 ut
864 2094 1000 2154 arbitror
1002 2097 1239 2173 ,suspicor3et
1207 2092 1432 2156 etconvrafa·

310 2199 432 2280 ciendi,
451 2216 523 2279 quae
539 2201 694 2279 patimur,
712 2207 749 2262 ut
763 2201 874 2277 vapulo
887 2223 918 2261 ».
929 2198 1009 2279 Ejus
1025 2207 1119 2263 aetate
1141 2217 1218 2279 ergo
1234 2197 1430 2262 concluden-

310 2305 458 2368 dumt
409 2313 458 2367 est
477 2307 705 2384 grammaticos
726 2307 766 2369 de
785 2307 963 2384 generibus
982 2309 1158 2370 verborum
1178 2304 1266 2368 nihil
1287 2303 1446 2384 amplius

309 2413 502 2488 cognovisse
517 2431 615 2493 quam
629 2413 772 2476 activum
785 2415 1018 2494 passivumque
1033 2431 1168 2476 sensum
1183 2419 1214 2475 ιι
1229 2411 1381 2474 formam

354 2516 427 2590 Quo
442 2525 589 2598 tempore
605 2526 636 2581 et
651 2519 804 2599 aquibus
824 2519 1046 2597 grammaticis
1060 2518 1125 2581 alia
1146 2516 1335 2598 generabis
1351 2516 1440 2578 duo.

308 2624 369 2686 bus
389 2622 501 2685 addita
523 2625 639 2704 sint,t
626 2625 892 2688 testimoniorum
911 2626 1053 2706 penuria
1079 2644 1122 2688 ne
1146 2623 1273 2704 suspici
1296 2622 1429 2703 quidem

307 2737 425 2808 potest.
444 2727 599 2792 Ceterum
614 2730 654 2793 de
670 2749 783 2794 eorum
798 2749 936 2794 numero
950 2731 1038 2811 apud
1052 2729 1257 2810 artigraphos
1271 2746 1332 2809 pos
1333 2729 1428 2791 teric-

307 2853 360 2898 ιιι
375 2838 464 2914 ipses
479 2837 669 2914 ambigitur

354 2939 546 3004 Charisius³
566 2951 703 3006 testatur
718 2962 816 3024 nnus,
835 2945 993 3024 quosdam
1007 2945 1149 3024 passivis
1165 2950 1196 3007 ιι
1211 2942 1327 3005 activis
1343 2942 1441 3002 habi.

307 3051 372 3109 tica
392 3048 618 3112 tantummodo
641 3050 842 3129 adjunxisse,
867 3069 940 3131 quae
963 3049 1088 3114 scilicet
1107 3068 1169 3113 nec
1186 3050 1350 3113 actionem
1369 3065 1430 3110 nee

307 3154 515 3235 patientiam,
543 3155 601 3218 sed
624 3154 800 3218 habitum⁴
827 3157 1031 3238 significant,
1056 3165 1093 3220 ut
1115 3157 1272 3236 nascitur,
1299 3155 1426 3232 crescit,

307 3262 422 3341 oritur,
449 3269 510 3323 etc.
529 3260 572 3339 At
594 3260 665 3324 haec
686 3261 806 3324 divisio
828 3269 894 3324 tam
916 3263 999 3326 bene
1019 3263 1111 3326 verbi
1132 3260 1331 3341 definitioni,
1358 3276 1430 3340 quae

307 3365 394 3446 apud
410 3365 648 3430 Consentium⁶
663 3368 844 3449 invenitur,
857 3369 1046 3448 respondet,
1064 3376 1101 3431 ut
1115 3387 1184 3431 non
1197 3367 1342 3431 dubitari
1355 3384 1430 3446 pos·

306 3472 350 3558 sit
370 3475 451 3552 quin
470 3491 510 3536 ex
525 3473 640 3538 eodem
660 3475 750 3537 fonte
771 3483 908 3555 utraque
928 3477 1123 3538 manaverit.
1142 3473 1208 3537 Sed
1229 3472 1429 3536 Consentius

306 3595 374 3641 non
395 3578 571 3658 intellexit,
598 3600 695 3661 quam
718 3589 802 3662 apte,
820 3613 863 3625 -
885 3581 972 3662 quod
993 3581 1035 3644 ad
1057 3599 1192 3644 sensum
1214 3581 1358 3662 pertinet
1372 3612 1426 3657 -,

334 3817 354 3854 1.
369 3810 396 3854 K.
408 3810 436 3865 V,
447 3823 470 3867 p.
482 3816 520 3856 ιιι
531 3821 567 3868 sq.

334 3877 354 3917 ι.
371 3872 412 3924 ΙΧ,
423 3878 443 3926 ιι,
454 3879 475 3918 ¹1.

246 3986 249 3990 ,
334 3940 354 3984 d.
369 3933 397 3979 K.
409 3935 427 3988 l,
437 3947 460 3991 p.
472 3937 519 3980 ιιι.

333 4002 354 4055 4,
370 3994 404 4041 Cf.
414 4005 435 4039 n
447 3997 503 4052 ἔχιν,
514 4007 553 4052 ap.
563 3995 635 4042 Arist.
647 3995 705 4050 Quae
715 3993 789 4040 fuerit
799 3995 868 4052 origo
880 3995 995 4041 vocabuli
1006 4013 1016 4035 ι
1027 3994 1165 4041 babitivnm
1176 4013 1185 4034 ι
1196 3995 1255 4041 inde
1264 3994 1351 4052 liquet.

333 4063 354 4104 5.
369 4056 396 4102 Κ.
403 4058 430 4111 V,
439 4069 462 4114 p.
471 4062 517 4102 365.
529 4057 653 4103 «Verbum
665 4062 701 4102 est
711 4069 768 4114 pars
778 4057 897 4102 orationis
909 4057 1001 4102 iactum
1012 4056 1113 4114 aliquod
1123 4057 1268 4103 habitumve
1276 4056 1428 4114 significans,

307 4122 346 4166 etc
349 4151 388 4164 .....
401 4119 501 4165 Factum
511 4119 575 4176 quod
587 4119 741 4176 significatur
751 4119 848 4176 ngeniis
858 4123 900 4164 aut
909 4120 1026 4176 patientis
1036 4119 1086 4164 vim
1098 4119 1216 4174 continet,
1227 4119 1324 4175 agentia
1334 4121 1361 4164 ιιι
1371 4130 1428 4164 seco

306 4193 365 4237 uro,
375 4181 534 4238 patientiam
544 4193 614 4226 secor
623 4192 688 4226 uror.
697 4181 758 4227 Cum
769 4192 827 4227 vero
838 4185 953 4226 neutrum
964 4182 1052 4227 horum
1062 4179 1239 4239 significationi
1249 4181 1323 4238 luest,
1331 4181 1428 4230 habitus

306 4242 408 4301 qnidam
419 4242 588 4290 tantummode
599 4243 788 4298 demonstratur,
798 4246 825 4288 ut
836 4250 872 4289 est
881 4246 919 4288 sto
929 4244 998 4301 sapio
1008 4243 1073 4289 vivo.
1086 4262 1095 4282 ι
