3214 5054
721 487 966 552 -110-

287 633 520 716 impersonalia
534 633 603 694 sive
620 611 738 712 supina
753 627 888 715 (amatu,
907 627 1077 717 amatum),
1102 634 1337 714 impersonalia
1350 633 1405 696 vel

288 741 407 820 supina
421 737 474 800 vel
488 738 649 816 gerundia
665 737 822 818 (amandi,
841 734 920 822 etc.)
931 736 951 800 ¹.

331 841 545 910 Victorinus'
564 866 605 906 :c
633 845 722 907 Modi
746 845 920 906 verborum
942 851 1022 925 quot
1046 841 1154 906 sunt?
1176 844 1310 908 Decem.
1339 844 1402 918 Qui

287 951 388 1018 sunt?
411 953 626 1031 ludicativus,
644 951 870 1030 imperativus,
889 953 1118 1034 promissivus,
1135 953 1310 1033 optativus,
1328 971 1403 1015 con-

285 1061 463 1138 iunctivus,
491 1059 712 1139 concessivae,
743 1057 946 1138 infinitivus,
977 1057 1220 1139 impersonalis,
1251 1059 1400 1140 gerendi,

287 1167 452 1232 hortandi.
469 1166 604 1228 Addunt
619 1165 755 1244 quidam
769 1167 1066 1245 percunctativum.
1087 1191 1102 1221 »

330 1274 477 1337 Donatus
492 1274 531 1335 de
547 1272 655 1334 modis
677 1270 862 1334 disserens⁸
878 1279 909 1335 et
930 1273 1120 1354 paradigma
1135 1270 1329 1354 exponens⁴,
1348 1291 1403 1334 sex

285 1381 417 1444 eosdem
439 1379 560 1442 iisdem
578 1379 747 1442 vocabulis
761 1380 910 1442 nominat
928 1401 935 1442 :
953 1379 1170 1443 indicativum
1188 1378 1243 1442 vel
1257 1398 1402 1458 pronun·

284 1490 446 1567 tiativum,
456 1485 699 1565 imperativum,
713 1485 905 1565 optativum,
915 1485 1174 1566 conjunctivum,
1184 1485 1400 1566 infinitivum,

283 1590 566 1673 impersonalcm⁵3
583 1594 619 1653 iu
632 1591 855 1671 paradigmate
865 1598 1023 1672 praeterea
1035 1592 1212 1672 participia
1222 1598 1254 1654 et
1265 1592 1402 1670 gerendi

283 1702 381 1763 verba
395 1699 449 1762 vel
463 1697 696 1780 participialia.

327 1805 523 1883 Anonymus
552 1803 639 1883 apud
668 1799 879 1864 Charisium⁸
908 1810 1034 1884 septem
1063 1803 1206 1865 admittit
1225 1824 1232 1864 :
1250 1803 1399 1884 indicat,

283 1915 447 1992 imperat,
474 1909 681 1990 promissiv.,
704 1916 818 1989 optat,
844 1908 1025 1990 conjunct,
1048 1915 1255 1992 perpetuum,
1282 1911 1402 1991 imper-

282 2016 443 2080 sonalem.

325 2121 374 2186 De
397 2121 569 2202 Diomede,
587 2122 630 2184 cl.
648 2139 758 2202 supra,
775 2141 808 2202 p.
829 2117 907 2184 104.
931 2119 972 2183 In
991 2122 1273 2201 paradigmatibus
1293 2129 1402 2185 autem

282 2229 426 2311 appellat
442 2250 450 2291 :
468 2229 619 2308 indicat,
637 2229 803 2308 imperat,
822 2235 937 2309 optat,
962 2229 1130 2308 conjunct.
1147 2229 1200 2291 vel
1215 2229 1397 2310 subjunct,

285 2343 424 2418 perpet,
442 2337 637 2416 imperson,
655 2334 897 2415 participialem
911 2333 965 2396 vel
983 2335 1136 2417 geumdi,
1154 2333 1399 2416 participium⁷.

328 2443 369 2504 In
384 2444 535 2506 Institutio
553 2443 671 2502 Artium
682 2449 753 2504 octo
769 2441 859 2504 modi
874 2441 911 2502 in
921 2458 1058 2504 censum
1066 2448 1226 2504 vocantur
1239 2463 1247 2504 z
1264 2442 1398 2505 indicat.

282 2549 336 2612 vel
350 2551 568 2630 pronuntiat,
591 2547 796 2630 promissiv.,
819 2549 984 2630 imperat,
1012 2548 1165 2610 infinitus
1184 2547 1239 2610 vel
1258 2556 1398 2630 perpet,

282 2663 397 2738 optat,
415 2656 581 2734 conjunct.
603 2655 656 2717 vel
674 2655 795 2736 junct,
812 2654 1057 2736 impersonalis,
1079 2655 1240 2734 gerundi,
1257 2655 1294 2716 iu
1308 2672 1401 2736 para-

283 2762 483 2840 digmatibus
497 2768 656 2841 praeterea
668 2759 873 2841 participia⁸.

326 2869 425 2950 Apud
453 2867 662 2931 Priscianum
690 2868 835 2947 quinque
865 2868 956 2931 modi
984 2875 1111 2930 tantum
1143 2885 1151 2927 z
1181 2867 1318 2932 iudicat.
1348 2866 1402 2930 vel

280 2976 483 3057 definitivus
501 2978 652 3056 imperat.
676 2974 730 3038 vel
748 2973 868 3039 hortat.
891 2975 945 3038 vel
966 2975 1204 3056 suppositivus‚
1229 2982 1330 3056 optat.
1347 2973 1400 3038 vel

281 3084 458 3164 deprecat,
476 3083 643 3161 subjanct.
661 3080 716 3143 vel
730 3081 884 3163 dubitat,
904 3082 1071 3144 infinitus.
1098 3080 1187 3143 Aliis
1203 3080 1286 3145 locis
1301 3083 1401 3161 parti·

281 3191 360 3270 cipii
384 3195 416 3252 et
440 3190 636 3269 supinorum
659 3187 713 3250 vel
737 3188 977 3266 gerundiorum
1004 3187 1057 3249 vel
1085 3187 1346 3268 participialium
1364 3187 1401 3248 fit

279 3292 433 3360 mentio⁹.

308 3598 327 3635 1.
343 3588 382 3636 Sic
397 3599 485 3634 omnea
501 3587 635 3646 artigraphi
651 3587 678 3632 in
696 3586 906 3644 paradigmatibus
921 3587 1012 3633 formas
1028 3585 1171 3644 proterunt,
1188 3598 1251 3644 quaa
1268 3597 1319 3632 non
1337 3587 1401 3632 inter

280 3651 366 3697 modos
380 3653 511 3708 reponunt,
522 3650 565 3695 aad
577 3667 587 3689 α
598 3648 651 3706 ipsa
662 3648 797 3695 declinatio
809 3649 943 3695 verborum
957 3647 1087 3706 exposcit»
1098 3648 1227 3704 (diomed,
1237 3648 1265 3694 K.
1276 3649 1294 3704 l,
1305 3660 1329 3706 p.
1340 3651 1400 3705 ³⁸8),

280 3713 310 3759 cl.
322 3725 406 3770 supro,
416 3723 440 3769 p.
451 3718 498 3766 toa,
509 3725 533 3757 u.
544 3719 565 3766 a,
576 3717 624 3766 104,
635 3717 681 3766 107,
693 3723 716 3756 u.
728 3717 748 3757 8.
1126 3741 1128 3747 .

306 3783 325 3820 a.
341 3775 369 3819 K.
379 3775 418 3828 vt,
428 3787 451 3831 p.
463 3777 510 3819 199.

307 3843 327 3882 3.
342 3837 369 3881 li.
381 3836 419 3891 tv,
429 3848 452 3893 p.
463 3842 510 3880 3231.

305 3905 326 3942 4.
341 3895 411 3950 ittet..
421 3909 445 3955 p.
456 3903 496 3942 060
505 3909 559 3954 sqq.

306 3963 326 4004 t.
341 3960 369 4005 ln
379 3959 555 4016 paradigmate,
566 3957 734 4016 impersonale
744 3959 857 4004 verbum.

305 4027 325 4066 c.
340 4021 368 4066 Κ.
377 4022 394 4075 1,
404 4033 426 4077 p.
435 4028 482 4066 rec.
491 4020 526 4067 Gi.
535 4033 618 4078 supra,
627 4032 650 4078 p.
659 4024 685 4066 08
694 4033 740 4078 sq,
748 4021 778 4066 dc
788 4019 843 4066 loco
854 4032 928 4078 quem
939 4019 1128 4067 Schottmuellar
1137 4019 1270 4066 Palaemoni
1280 4017 1398 4066 vindicat.

305 4088 325 4128 t.
340 4084 367 4129 Κ.
379 4085 397 4139 Ι,
408 4096 431 4140 p.
442 4091 480 4128 aar
490 4096 543 4141 sqq.
553 4084 607 4129 Non
618 4082 666 4128 albi
676 4082 798 4130 consentit
809 4083 834 4129 in
844 4083 950 4129 diversis
961 4082 1023 4128 locis
1039 4081 1177 4138 diomedes,
1188 4083 1247 4140 quie
1257 4082 1313 4129 sine
1323 4082 1398 4128 dubio

278 4147 363 4202 plures
372 4145 454 4190 fontes
464 4145 616 4190 commiscet.

303 4213 324 4252 8.
339 4207 367 4252 K.
378 4207 417 4262 tv,
428 4219 450 4262 p.
462 4210 500 4252 150
511 4219 556 4264 aq,
567 4205 715 4263 generaliter
726 4207 756 4252 de
767 4205 860 4263 modts;
870 4219 895 4266 p.
907 4214 945 4253 160
955 4219 1018 4265 sqq,
1027 4206 1202 4264 paradigmata.

305 4277 324 4315 0.
340 4269 367 4314 Κ.
378 4270 406 4324 ll,
417 4270 457 4324 ΙΙΙ,
467 4269 569 4327 passim,
580 4271 686 4326 praesen.
697 4269 723 4314 K.
736 4269 765 4324 ll,
775 4282 799 4326 p.
809 4276 856 4314 421.
