3124 5050
592 451 638 466 -
682 415 724 482 41
770 451 816 462 ..

142 560 236 643 latas,
254 570 353 642 creat,
372 563 430 624 sed
445 579 542 644 saepe,
561 578 633 641 quae
653 560 946 624 circumlocutione
967 559 1076 622 adhuc
1096 558 1261 636 significa-

142 649 272 751 bantur,
290 686 357 731 uno
371 667 531 730 vocabulo
546 668 665 749 reddit,
683 669 790 730 rarius
805 670 892 730 111111·
912 684 1096 748 synonyma
1115 674 1147 728 et
1163 667 1262 729 dubia

143 775 308 854 quoddam
332 775 437 854 eligit,
462 775 549 854 quod
569 773 685 837 eodem
699 793 805 836 sensu
827 793 932 853 usque
953 773 994 834 ad
1011 791 1071 836 nos
1086 780 1261 852 perventu·

142 901 217 943 rum
232 889 292 944 est.
311 883 441 962 Lingua
455 885 546 944 euim
563 886 775 960 grammatica
793 899 859 962 qua
878 859 1038 943 hodierno
1055 881 1107 942 die
1122 884 1258 961 utimur,

142 1007 163 1048 a
185 988 356 1053 Prisciano
380 993 544 1070 praecipue
569 989 703 1068 pendet.
731 987 892 1051 Necnon
918 986 1068 1068 plurihus
1091 985 1260 1049 vocabulis

143 1095 311 1158 interdum
325 1095 365 1156 ad
382 1094 520 1156 eandem
533 1113 604 1156 rem
623 1095 858 1157 nominandam
877 1098 993 1174 utitur,
1011 1093 1205 1174 plerumque
1220 1094 1260 1156 de

142 1203 334 1266 notionibus
350 1221 429 1283 quas
445 1210 611 1264 antaeum
630 1201 812 1281 artigraphi
832 1200 926 1264 nulla
940 1200 1101 1281 peculiari
1117 1199 1260 1282 appella·

143 1309 233 1372 tione
249 1309 500 1388 designaverant
512 1307 533 1369 ¹.

187 1416 262 1477 Jam
284 1434 362 1478 vero
388 1419 417 1476 si
444 1433 511 1477 uno
540 1420 717 1492 conspectu
745 1430 817 1494 qnae
847 1415 1070 1492 percurrimus
1098 1417 1259 1494 respicere

141 1521 358 1603 volumnum,
377 1521 537 1599 gradatim
551 1537 758 1600 progressam
774 1539 845 1582 esse
860 1520 947 1599 apud
957 1521 1092 1582 Latinos
1102 1537 1261 1598 gramma-

142 1630 242 1688 ticam
257 1627 555 1689 animadvertemus
574 1648 581 1688 :
599 1627 739 1707 quadam
754 1630 790 1687 in
805 1627 947 1688 infantia
961 1627 1019 1688 diu
1035 1627 1189 1706 jacuisse,
1203 1645 1261 1706 per

144 1730 308 1796 Cratetem
324 1732 493 1796 Mallotam
508 1737 652 1814 primum
667 1733 851 1796 adolevisse
871 1742 903 1796 11
921 1733 1082 1812 paulatim
1100 1733 1261 1812 usquead

141 1841 289 1902 inedium
316 1840 332 1901 I
353 1848 426 1920 post
448 1839 528 1902 Chr.
553 1840 722 1918 saeculum,
747 1839 906 1903 Varronis
925 1844 1108 1920 praesertim
1129 1848 1161 1901 11
1181 1840 1260 1902 Dio-

141 1951 232 2025 nysii
257 1946 396 2008 Thracis
420 1954 452 2008 et
474 1944 580 2006 Plinii
601 1965 699 2026 opera
719 1951 806 2009 vires
830 1955 861 2009 et
884 1950 994 2028 copias
1020 1947 1258 2026 adquisivisse3

142 2052 221 2114 deiu
249 2061 324 2134 post
355 2051 746 2136 Palaemonem‘re'gnum
773 2054 936 2134 quoddam
967 2061 1092 2116 certum
1120 2062 1152 2116 et
1181 2057 1259 2114 satis

141 2157 289 2239 amplum
308 2160 477 2241 hahuisse,
501 2166 597 2240 atque
619 2161 768 2222 obscuris
786 2159 1003 2240 reliquiarum
1025 2163 1164 2240 penuria
1183 2176 1260 2236 aug·

140 2269 263 2327 mentis
278 2284 382 2345 usque
397 2267 438 2328 ad
453 2264 506 2327 III
523 2266 679 2328 saeculum
694 2270 847 2345 crevisse,
867 2285 941 2328 cnm
952 2266 1103 2328 florerent
1120 2265 1257 2344 Prohus,

140 2371 260 2452 Asper,
287 2371 404 2434 Velius
427 2371 574 2452 Longus,
598 2370 715 2452 Caper,
741 2371 897 2452 Scaurus,
921 2373 1108 2450 Romanus,
1134 2381 1205 2434 tum
1224 2375 1259 2432 in

140 2477 331 2540 scholarum
350 2463 483 2542 umbras
504 2488 536 2540 et
555 2479 596 2540 ad
619 2496 797 2558 puerorum
825 2482 1069 2541 institutionem
1090 2477 1255 2557 rejectam,

141 2588 249 2663 primo
270 2584 407 2647 fortasse
426 2588 567 2648 tacuisse
590 2580 657 2667 (ill
677 2581 825 2666 saeculo),
849 2584 968 2647 deinde
984 2584 1146 2664 plurimos
1160 2603 1258 2666 pepe-

138 2692 224 2761 risse
241 2689 343 2753 lihros
359 2695 448 2753 inter
465 2711 499 2754 se
519 2691 709 2754 simillimos
730 2700 762 2754 et
784 2696 819 2754 in
834 2710 937 2754 annos
954 2711 1084 2772 semper
1098 2693 1258 2754 brevioris

139 2805 172 2857 et
199 2800 333 2860 tritioris
354 2801 512 2878 1111111111,
531 2799 589 2860 sed
611 2803 762 2860 1111111111
785 2798 1005 2862 nihilominus
1029 2799 1196 2880 utilitatis,
1222 2809 1259 2860 ut

138 2904 260 2981 quihus
275 2902 460 2966 florentium
483 2903 679 2966 saeculorum
696 2909 855 2968 memoria
875 2913 1001 2968 servata
1021 2909 1063 2967 sit
1079 2906 1166 2967 etad
1186 2923 1259 2984 pos·

138 3016 226 3071 ieros
244 3018 439 3090 propagata3
463 3010 605 3091 denique
621 3030 735 3073 rursus
751 3014 956 3088 grammatici
977 3011 1084 3074 Graeci
1100 3011 1258 3092 -'Apol·

138 3114 224 3177 lonii
239 3115 374 3198 Dyscoli
390 3152 433 3160 -
447 3118 608 3180 beneficio
623 3122 658 3178 in
674 3117 838 3180 Prisciani
859 3121 1012 3199 operibus
1032 3119 1074 3180 ad
1088 3119 1258 3195 fastigium

137 3223 510 3304 quoddampervenisse,
524 3243 589 3304 quo
597 3225 701 3288 multo
712 3225 811 3288 altius
821 3243 886 3288 non
897 3234 970 3286 ante
979 3233 1122 3288 nostram
1131 3233 1259 3287 aetatem

139 3330 237 3392 evehi
251 3333 406 3410 potuerit.

151 3499 156 3504 ,
183 3435 307 3499 Eadem
321 3437 389 3500 fere
404 3437 471 3498 iata
485 3437 608 3516 linguar
623 3442 842 3516 grammatica
859 3439 975 3520 fuisse,
989 3457 1047 3519 per
1061 3437 1191 3518 reliqua
1205 3456 1256 3502 11-

137 3546 206 3623 pita
220 3543 434 3606 manifestum
448 3543 518 3625 ¹fore
534 3563 628 3626 spero
641 3541 664 3606 ².

137 3741 350 3750 ——-—-·-

162 3874 182 3910 1.
198 3865 233 3912 Cl.
263 3898 268 3910 .
411 3899 416 3910 .

160 3935 181 3972 2.
197 3877 263 3982 Queh
272 3868 526 3987 (11411111110111111111
532 3931 816 3991 auctoresgrammaticae
827 3931 902 3988 primi
913 3933 1071 3989 usurpavisse
1082 3932 1222 3986 videantur,
1232 3933 1257 3978 in

133 3990 297 4036 conclusione
308 4002 452 4048 percenseo,
463 4003 487 4048 p.
499 4000 537 4038 111
548 4006 601 4050 sqq.
