3214 5054
766 506 811 517 .„
857 470 990 534 98.-

318 615 430 696 oolligi
445 633 541 696 posse
556 615 706 676 arbitror.
729 614 777 676 Iis
793 615 883 677 enim
902 613 1106 695 respondens
1118 611 1139 694 ¹,
1157 631 1239 692 quos
1260 615 1296 675 in
1311 615 1374 677 hoc
1388 634 1435 677 re·

316 723 520 804 prehendere
543 721 650 802 fingit,
675 745 690 776 ι
707 721 795 800 quod
810 721 960 801 quaedam
973 721 1073 784 verba
1087 739 1195 800 neque
1209 738 1366 799 personas
1381 721 1435 784 ha·

315 832 395 892 bent
415 836 525 891 ternas
546 846 654 908 neque
676 834 823 908 tempora
843 835 983 904 terna»,
1009 827 1057 889 sic
1075 825 1268 906 eloquitur:
1297 825 1435 899 «Quare

315 954 390 999 cum
405 938 617 1015 imperamus,
630 941 747 996 natura
757 933 844 1014 quod
859 934 973 996 inlecti
983 935 1083 996 verba
1097 932 1205 995 solnm
1214 932 1349 1014 habent,
1363 951 1435 996 cum

314 1051 370 1105 ant
384 1044 539 1122 praesenti
554 1048 609 1102 aut
624 1040 753 1102 absenti
767 1041 979 1120 imperamus,
998 1041 1083 1102 finnt
1098 1047 1200 1119 terna,
1217 1046 1254 1101 ut
1269 1040 1357 1117 Lege
1377 1039 1435 1102 Le·

207 1155 209 1162 ⁴
314 1149 383 1226 gito
404 1149 522 1226 Legat,
543 1147 725 1228 perfectum
741 1147 830 1208 enim
850 1147 1254 1226 impe1·atnen10;contra
1273 1153 1435 1225 quaesunt

314 1255 495 1335 indicandi,
518 1262 554 1316 ut
578 1253 666 1332 Lego
688 1253 785 1330 Legis
805 1253 911 1332 Legit,
935 1271 1064 1316 novena
1084 1252 1167 1314 finnt
1189 1253 1289 1314 verba
1307 1252 1431 1333 iniecti,

313 1379 441 1423 novena
462 1359 611 1439 perfecti.
632 1383 646 1412 »
672 1357 788 1438 Neque
811 1358 954 1420 dubitari
974 1366 1093 1438 potest,
1111 1359 1192 1438 quin
1207 1357 1311 1420 Vamo
1332 1357 1428 1420 intel-

311 1466 440 1546 lexerit,
466 1471 514 1527 tot
537 1465 725 1545 imperativi
747 1465 881 1544 formas,
908 1471 987 1545 quot
1007 1465 1191 1545 indicativi,
1217 1464 1340 1527 idcirco
1363 1481 1429 1526 non

313 1590 396 1652 esse,
420 1571 497 1651 quia
518 1571 720 1650 praeteritnm
741 1577 870 1650 tempus
893 1577 926 1632 et
944 1571 1050 1650 prima
1074 1588 1214 1650 persona
1236 1571 1429 1650 imperativo

311 1678 474 1740 deessent.
493 1676 631 1738 Restant
651 1693 728 1754 ergo
744 1676 816 1738 duae
831 1694 978 1756 personae
999 1675 1127 1756 duoque
1149 1684 1305 1756 tempora,
1324 1695 1428 1756 neque

312 1788 434 1847 scimus
449 1801 492 1844 au
507 1783 611 1846 Varro
627 1761 809 1864 plane'non
822 1783 955 1864 viderit,
973 1782 1048 1844 ideo
1068 1800 1127 1863 pro
1146 1789 1299 1862 quattuor
1314 1783 1431 1845 formis

311 1899 378 1953 tres
398 1896 525 1951 tantum
539 1889 704 1968 usurpari,
723 1888 802 1969 quia
817 1889 932 1968 Legite
948 1888 1086 1952 duarum
1101 1906 1315 1969 personarum
1330 1897 1426 1951 esset.

313 1995 397 2059 Cum
412 2013 509 2076 porro
528 2019 542 2048 α
560 1995 716 2076 praesenti
729 2019 743 2048 »
762 2002 794 2056 et
811 2019 825 2048 «
840 1995 995 2058 absenti»
1014 1995 1105 2075 dicit,
1123 2002 1235 2057 utrum
1250 1995 1359 2075 priore
1375 2013 1430 2058 vo·

310 2102 426 2166 cabulo
441 2100 618 2164 secundam
632 2100 998 2182 personam,alte1oque
1014 2102 1156 2181 tertiam,
1168 2119 1211 2162 an
1225 2102 1334 2181 priore
1349 2118 1430 2181 prae·

310 2227 386 2273 sens
401 2216 541 2290 tempus,
558 2208 725 2289 alteroque
740 2209 888 2271 futurum
904 2208 1080 2287 significet,
1093 2208 1269 2270 obscurum
1285 2213 1345 2270 est.
1366 2205 1432 2270 Sed

311 2318 440 2380 etiamsi
460 2333 628 2396 personas,
650 2333 718 2378 non
738 2323 895 2396 tempora,
913 2333 972 2395 per
990 2315 1062 2376 haec
1080 2313 1239 2377 vocabula
1259 2313 1432 2393 designare

310 2423 421 2504 vellat,
437 2422 601 2503 quomodo
617 2429 683 2484 tres
697 2439 769 2485 asse
785 2421 906 2484 formas
923 2421 1109 2501 imperandi
1124 2420 1286 2499 explicare
1306 2428 1429 2500 posset,

309 2530 377 2592 nisi
400 2528 482 2590 alias
505 2546 577 2591 esse
605 2531 777 2608 praesentis
801 2528 975 2608 temporis,
994 2526 1100 2610 ,aliam
1123 2527 1228 2590 futuri
1257 2523 1430 2590 crederet?

312 2637 465 2716 «Lege»
490 2638 580 2698 enim
602 2642 688 2698 esset
708 2636 879 2716 praesentis
902 2651 1061 2716 personae,
1090 2658 1105 2688 ι
1127 2633 1247 2712 legat»
1271 2635 1429 2696 absentis.

310 2743 400 2818 Quid
413 2749 523 2805 autam
540 2766 555 2796 ε
572 2741 674 2820 legito
687 2737 729 2802 »i
745 2741 913 2822 Quicquid
926 2742 962 2804 id
977 2749 1037 2822 est,
1054 2748 1129 2821 post
1143 2740 1327 2804 Varronem
1343 2741 1430 2803 nihil

308 2850 348 2912 de
367 2849 555 2929 imperativi
575 2848 697 2927 futuro,
717 2847 804 2927 quod
824 2851 937 2927 sciam,
955 2848 1134 2928 invenitur,
1157 2855 1232 2910 ante
1253 2846 1301 2909 IV
1317 2847 1429 2911 sarculi

307 2955 524 3036 artigraphos,
543 2955 600 3034 qni
616 2972 729 3017 omnes
744 2955 808 3017 hoc
822 2962 951 3036 tempus
968 2955 1212 3016 discriminant.
1314 2959 1317 2964 ’

351 3062 614 3144 Appellationes,
633 3061 673 3123 ad
689 3069 817 3143 tempus
832 3063 1047 3143 pertinentes,
1064 3062 1236 3142 hactenus,
1253 3063 1322 3126 fere
1337 3061 1429 3124 nulla

307 3169 504 3234 sacculorum
518 3176 592 3250 post
601 3169 783 3232 Varronem
793 3171 921 3231 ratione
935 3169 1058 3249 habita,
1072 3170 1276 3231 enumeravi.
1290 3168 1427 3231 Nullum

307 3281 397 3341 enim
417 3277 486 3339 lare
509 3276 735 3338 testimonium
757 3275 797 3338 de
820 3293 859 3338 ea
879 3277 1060 3354 quaestione
1083 3279 1171 3337 inter
1191 3274 1376 3338 Varronem
1396 3280 1427 3336 et

306 3384 511 3464 artigraphos
526 3381 575 3443 IV
589 3381 703 3445 saeculi
718 3382 891 3444 habemus.
908 3379 1115 3460 Quamquam
1132 3379 1425 3444 Scuorrnusnunu

306 3490 487 3552 Palaemoni
509 3473 657 3550 attribuit
678 3488 739 3550 hos
762 3487 851 3550 locos
876 3485 1021 3550 Charisii
1034 3486 1055 3569 ²,
1081 3488 1213 3568 quibus,
1240 3489 1426 3569 praepositis

305 3597 459 3659 brevibus
482 3592 766 3673 explicationibus,
788 3595 964 3655 verborum
983 3593 1116 3657 ordines
1135 3601 1167 3656 et
1187 3593 1424 3655 declinationes

305 3709 524 3784 exponuntur.
542 3699 583 3761 In
597 3699 684 3762 hanc
699 3707 807 3761 antem
823 3701 1014 3781 opinionem
1028 3700 1189 3763 adductus
1206 3707 1255 3762 est
1269 3699 1330 3763 illo
1345 3717 1424 3780 praa-

306 3809 392 3872 claro
415 3833 429 3862 α
446 3807 583 3887 velut»,
605 3823 670 3885 qua
692 3807 828 3868 obrussa
851 3806 1048 3869 Palaemonis
1071 3806 1254 3868 doctrinam
1274 3813 1307 3868 et
1327 3807 1425 3868 verba

305 3913 448 3977 discerni
467 3929 563 3993 posse
582 3907 785 3991 profitetur³.
804 3909 899 3983 Quod
913 3928 981 3972 non
994 3911 1065 3972 veri
1081 3911 1191 3974 simile
1211 3928 1284 3973 esse
1295 3911 1420 3993 judico.

308 4056 515 4070 ...ιι-...-

330 4144 350 4181 1.
365 4136 405 4190 ΙΧ,
415 4142 461 4181 101.

330 4205 350 4242 a.
365 4197 393 4242 Κ.
404 4199 422 4252 l,
433 4210 456 4254 p.
467 4203 563 4243 raons.

330 4267 350 4306 r.
366 4257 401 4306 ct.
412 4272 494 4317 supra,
503 4271 526 4316 p.
538 4264 564 4304 ar
574 4259 597 4304 at
606 4269 631 4304 n.
642 4263 663 4304 a.
