3124 5050
275 550 376 614 simul
392 559 423 614 et
437 551 636 614 valetudinis
652 558 780 631 tempus
794 551 954 633 plurimas
972 547 1140 636 ἀκροάσεις
1159 550 1299 614 subinde
1315 551 1396 613 fecit

274 658 470 738 assidueque
486 658 653 739 disseruit,
671 677 707 720 ac
722 663 843 722 nostris
859 657 1008 737 exemplo
1018 659 1083 720 fuit
1097 657 1138 720 ad
1153 656 1362 720 imitandum.
1378 681 1394 710 »

215 751 221 763 ⁸
321 764 409 838 Quid
419 773 528 828 autern
537 764 718 847 discipulos
729 762 888 828 docebat?
901 763 1060 827 Criticam
1069 764 1281 842 grammatica
1291 765 1398 826 conti·

275 873 348 934 neri
358 890 434 935 eum
447 871 595 935 noluisse
606 873 741 953 scimus,
754 872 813 934 sed
828 869 922 934 illam
931 890 990 952 pro
1001 872 1156 950 primaria
1166 877 1236 934 arte
1247 871 1394 950 duxisse,

276 979 370 1058 cujus
384 982 605 1060 grammatica,
618 995 690 1058 quac
700 981 798 1041 unice
814 982 850 1040 in
864 978 980 1056 lingua
990 978 1184 1058 explicanda
1195 983 1394 1056 versaretur,

277 1086 370 1166 quasi
391 1084 511 1147 ancilla
531 1083 650 1147 esset¹.
676 1083 790 1147 Crates
809 1103 888 1164 ergo
906 1101 974 1146 non
993 1091 1060 1146 tam
1078 1084 1202 1163 lingnae
1224 1087 1397 1146 scientiam

277 1192 442 1253 auditores
467 1190 618 1272 docebat,
645 1209 743 1271 quam
765 1197 913 1253 veterum
944 1194 1141 1271 scriptorum
1170 1189 1395 1272 explicationi,

277 1299 488 1360 aestimationi
508 1304 539 1359 et
559 1298 801 1360 conservationi
820 1315 954 1377 operam
973 1298 1092 1360 dabat:
1118 1296 1205 1376 quod
1228 1296 1397 1378 proprium

278 1403 400 1465 criticae
418 1421 540 1466 munus
560 1410 620 1466 est.
643 1403 746 1466 Porro
766 1421 852 1484 cum,
874 1409 910 1465 ut
930 1402 1153 1480 Pergamenus
1175 1409 1207 1464 et
1227 1401 1400 1464 anomaliae

278 1511 397 1591 fautor,
410 1511 554 1573 inachus
569 1511 790 1590 grammaticis
801 1511 1034 1573 consuetudini
1048 1511 1159 1590 potius
1171 1529 1269 1591 quam
1280 1510 1401 1572 rationi

280 1616 528 1696 obsequendum
543 1602 756 1697 existimaret,
770 1635 845 1679 eum
860 1620 974 1679 sensui
988 1618 1198 1696 potissimum
1212 1625 1308 1697 atque
1324 1619 1400 1678 usui

279 1723 316 1784 in
330 1723 499 1785 vocabulis
511 1723 736 1786 examinandis
747 1725 913 1786 intentum
923 1724 1025 1786 fuisse
1036 1723 1218 1786 verisimile
1230 1731 1291 1786 est.
1305 1721 1402 1784 Unde

282 1827 448 1892 Cratetem
463 1831 599 1912 ejusque
611 1831 792 1912 discipulos
808 1835 953 1894 scientiae
968 1831 1011 1910 ei,
1025 1848 1123 1910 quam
1138 1849 1227 1893 nunc
1242 1847 1404 1908 gramma-

282 1941 381 2000 ticam
395 1937 611 2020 appellamus,
624 1957 691 2001 non
707 1946 779 2000 tam
788 1938 892 2001 multa
903 1937 1081 2001 contulisse
1093 1938 1235 2000 arbitror
1244 1955 1316 2001 esse
1327 1955 1404 1999 con-

283 2043 495 2106 cludendum.
528 2044 601 2118 Qua
626 2046 665 2108 de
694 2063 729 2107 re
758 2049 880 2107 iterum
902 2045 989 2106 infra
1012 2043 1191 2122 disseram3
1223 2044 1282 2106 sed
1311 2052 1407 2104 antea

284 2166 387 2230 pauca
401 2150 441 2211 de
456 2151 573 2230 primis
588 2152 674 2230 apud
688 2151 854 2214 Romanos
869 2151 1092 2228 grammaticis
1106 2150 1246 2212 dicenda
1261 2156 1351 2212 sunt.

330 2254 509 2336 Hactenus,
531 2265 665 2338 excepto
688 2256 808 2337 Spurio
829 2255 987 2337 Carvilio,
1006 2274 1087 2336 quos
1107 2260 1305 2318 nominatim
1319 2273 1408 2320 com·

287 2363 467 2424 memoravi
485 2382 596 2426 rerum
615 2369 902 2444 grammaticarum
922 2363 1088 2426 studiosos
1108 2363 1224 2444 luisse,
1246 2365 1284 2441 ii,
1301 2367 1411 2424 autin

288 2467 458 2548 republica
477 2475 599 2532 versati
619 2471 684 2532 viri
706 2479 762 2534 aut
782 2477 896 2551 pcetae,
924 2470 1084 2533 secundas
1106 2473 1200 2549 quasi
1222 2474 1332 2547 partes
1355 2468 1411 2529 his

289 2577 411 2635 nostris
431 2577 550 2638 studiis
570 2576 728 2650 dederant
748 2595 849 2657 eaque
870 2582 1105 2657 praetereuntes
1127 2579 1409 2654 praestrinxerant.

290 2679 372 2742 Post
387 2678 551 2744 Cratetcm
570 2683 703 2745 demum
722 2683 876 2746 homines
893 2701 970 2744 vere
990 2685 1196 2760 grammatici
1217 2685 1270 2743 sui
1288 2698 1413 2742 merno-

289 2790 374 2849 riam
388 2786 565 2869 reliquere.
578 2788 649 2852 Hoc
664 2795 775 2851 tamen
789 2789 1057 2870 praemonendum
1073 2797 1134 2869 est,
1148 2807 1189 2850 ne
1205 2786 1265 2850 illo
1277 2790 1413 2849 nomine

292 2897 328 2954 in
348 2911 493 2956 errorem
512 2895 719 2976 inducamur,
741 2895 848 2957 multo
867 2895 1014 2976 latiores,
1033 2912 1129 2975 qnam
1151 2894 1238 2974 apud
1252 2911 1325 2975 nos,
1343 2900 1414 2955 tum

215 3016 222 3026 ·
292 2999 395 3061 tuisse
411 3005 629 3076 grammaticae
644 3001 738 3082 fines,
756 3008 793 3065 ut
807 3005 862 3064 cui
879 3001 995 3064 Cicero
1009 3021 1146 3064 munera
1162 3001 1290 3064 dederit
1303 3006 1416 3080 poeta-

293 3125 365 3167 rum
380 3109 666 3186 pertractationem
683 3114 714 3170 et
730 3107 1006 3189 explanationem,
1025 3109 1240 3170 historiarum
1254 3106 1416 3184 cognitio-

295 3231 383 3292 nem,
406 3214 581 3276 vernorum
600 3212 939 3294 i11terp1·etationem².
965 3211 1148 3276 Careamus
1171 3214 1276 3292 igitur
1300 3231 1359 3293 ne,
1387 3215 1418 3272 si

296 3323 370 3401 quis
385 3319 471 3399 apud
485 3327 613 3383 veteres
627 3324 857 3400 grammaticus
873 3319 1068 3401 appelletur,
1086 3339 1162 3382 eum
1176 3328 1295 3383 nostrae
1311 3322 1418 3382 scien-

297 3432 350 3490 tiae
366 3446 477 3490 curam
492 3430 692 3508 impendisse
707 3445 841 3491 necesse
856 3445 927 3490 essa
947 3427 1130 3491 credamus.
1149 3426 1277 3488 Primos
1294 3432 1415 3504 autem,

298 3553 520 3616 quoscumque
534 3534 712 3598 Suetonius
724 3541 894 3597 enumerat
904 3552 1108 3614 quorumque
1119 3534 1420 3610 fragmentagram-

298 3642 418 3704 metica
431 3639 566 3704 Ε111111113
581 3641 727 3721 collegit,
749 3639 898 3718 singulos
913 3658 1106 3719 percensere
1127 3638 1254 3701 nullius
1270 3643 1314 3700 sit
1327 3637 1420 3722 utili-

300 3752 389 3810 tatis.
402 3748 514 3810 Unum
529 3755 667 3829 tantum,
684 3751 864 3809 maximum
877 3745 1200 3826 nobilissimumque,
1220 3743 1352 3825 eligam,
1369 3749 1419 3824 ut,

301 3856 373 3934 ejus
388 3858 533 3934 imagine
548 3855 688 3935 quadam
700 3853 902 3934 adumbrata,
916 3852 1028 3932 quales
1043 3853 1167 3914 suerint
1178 3869 1215 3912 ea
1229 3857 1422 3930 tempestate

329 4085 349 4124 1.
364 4077 475 4133 Classen,
485 4076 500 4122 l.
512 4089 540 4130 c,
551 4089 575 4133 p.
587 4084 619 4121 m,

330 4148 350 4187 a.
367 4142 400 4186 De
410 4143 486 4192 orat,
496 4139 514 4195 1,
524 4144 558 4194 ss,
571 4145 616 4184 ret.

330 4208 351 4248 a.
365 4203 416 4248 Lot.
429 4213 534 4248 ceraton.
545 4203 588 4246 oct.
602 4199 657 4253 Bet,
668 4211 690 4258 p.
704 4204 758 4246 tot.
