3124 5050
588 444 810 508 ..17-

139 586 291 672 graphia¹
308 591 546 672 quaestionibus
563 591 635 670 ejus
651 592 827 653 auotoritas
849 589 1044 670 appellatur.
1071 589 1138 654 Sed
1159 611 1258 673 quam

139 700 226 762 levia
246 699 313 760 sint
333 698 404 760 haec
423 703 617 776 argumenta
636 695 753 775 liquet.
778 695 867 770 Quid
887 713 965 759 vero
987 697 1027 758 de
1047 701 1259 777 sequentihus

140 801 274 868 dicem?
297 804 427 868 Scenae
444 806 534 865 enim
548 811 584 866 ut
600 806 770 864 testimonia
785 802 847 865 hos
862 802 952 866 locos
966 805 1067 866 refert
1084 825 1092 866 ε
1112 829 1126 860 «
1145 806 1260 888 ltaque

140 911 276 974 hercule
286 911 323 974 in
334 913 423 972 libris
435 909 609 973 Ciceronis
621 909 868 988 deprehendere
878 909 968 990 licet,
981 928 1048 972 non
1058 913 1258 992 geometriae,

141 1037 209 1081 non
231 1021 379 1099 musicae,
406 1035 473 1080 non
495 1019 709 1095 grammatica,
728 1033 796 1078 non
818 1017 959 1096 denique
982 1016 1085 1080 ullius
1107 1019 1260 1096 ingenuas

48 1113 51 1118 ’
140 1125 221 1186 artis
237 1125 410 1186 scientiam
425 1122 581 1184 defuisse.
603 1145 617 1174 »
635 1116 729 1203 (Dici.
747 1122 783 1181 de
800 1123 898 1202 Oret,
916 1117 988 1206 30.)
1003 1157 1047 1166 -
1064 1122 1159 1186 «Sed
1175 1123 1262 1186 nihil

141 1251 181 1294 ex
196 1231 408 1310 grammatica
421 1231 582 1307 nocuerit,
600 1228 668 1290 nisi
683 1228 772 1307 quod
786 1245 1025 1307 supervacuum
1041 1236 1103 1290 est.
1118 1227 1172 1290 An
1187 1230 1263 1294 ideo

141 1337 253 1399 minor
272 1343 321 1398 est
340 1335 386 1397 M.
404 1334 535 1397 Tullius
556 1342 675 1415 orator,
693 1334 779 1415 quod
801 1335 890 1396 idem
910 1335 990 1398 artis
1005 1336 1105 1398 huius
1121 1334 1262 1414 diligen-

142 1444 293 1506 tissimus
307 1443 382 1521 fuit,
401 1449 432 1503 et
453 1443 489 1503 in
509 1440 591 1522 filio,
609 1448 646 1502 ut
666 1439 817 1520 epistolis
837 1449 982 1523 apparet,
999 1449 1087 1504 recte
1106 1442 1263 1522 loquendi

143 1568 240 1629 asper
253 1567 383 1630 quoque
403 1544 558 1612 exactor?
578 1554 635 1610 aut
654 1548 724 1612 vim
741 1545 780 1610 d.
799 1545 939 1610 Caesaris
953 1548 1124 1626 fregerunt
1138 1552 1210 1611 editi
1224 1549 1264 1611 de

143 1654 296 1732 analogia
316 1653 412 1716 titrtt
430 1679 444 1708 s
467 1650 640 1737 (Quintil,
658 1655 687 1735 I,
707 1651 738 1734 7,
757 1648 829 1736 34.)
845 1653 934 1728 Quid
948 1653 1071 1717 clarius
1085 1662 1118 1718 et
1132 1655 1172 1716 ad
1191 1671 1265 1734 pro-

144 1762 289 1824 handum
304 1761 469 1824 efficacius
478 1763 595 1824 afferre
610 1761 725 1840 possit,
739 1761 796 1840 qui
806 1779 826 1822 a
837 1759 997 1823 Cicerone
1012 1761 1144 1823 nullum
1159 1778 1266 1839 gram·

144 1869 302 1930 matioum
321 1866 445 1930 librum
465 1867 592 1930 editum
607 1885 677 1929 esse
697 1867 909 1928 manifestum
928 1866 1033 1930 lacere
1048 1855 1154 1930 velit?
1169 1867 1266 1940 Quod

146 1983 257 2038 autem
271 1973 461 2038 nonnulli«
480 1975 624 2037 technici
645 1974 778 2036 termini
796 1974 921 2052 »apud
940 1992 1016 2036 eum
1035 1974 1262 2054 inveniuntur,

147 2082 225 2144 inde
240 2079 356 2160 colligi
372 2087 479 2160 potest
494 2098 555 2146 eos¹
567 2087 644 2143 tunc
659 2081 696 2142 in
711 2099 774 2141 usu
789 2080 957 2142 communi
970 2081 1084 2143 luisse.

191 2185 346 2250 Verrium
366 2183 538 2251 Flaccum*
559 2188 745 2266 accepimus
765 2187 907 2264 Augusti
930 2189 1133 2268 temporibus
1152 2188 1199 2249 ita
1214 2190 1265 2248 in-

147 2295 317 2376 claruisse,
336 2303 371 2357 ut
385 2296 426 2358 ah
440 2294 681 2374 ipsoprincipe
700 2295 875 2373 nepotibus
895 2295 967 2373 ejus
986 2301 1166 2374 praeceptor
1180 2292 1264 2356 elec-

145 2410 212 2488 tus,
230 2419 304 2464 cum
319 2408 387 2464 tots
402 2400 517 2464 schola
537 2404 574 2463 in
598 2399 765 2462 Palatium
786 2401 951 2463 transiret.
975 2399 1078 2464 Porro
1103 2406 1135 2463 et
1153 2399 1266 2480 plures

146 2509 250 2571 libros
273 2509 516 2589 grammaticos,
546 2508 618 2570 «de
643 2505 910 2586 orthographia»
937 2505 1076 2588 scilicet,
1106 2501 1179 2570 ide
1194 2509 1266 2582 ohs-

147 2615 239 2679 curis
262 2612 399 2677 Catonis
412 2639 442 2696 ι,
464 2614 560 2695 alios,
578 2615 636 2695 qui
649 2615 830 2694 perierunt,
854 2615 1053 2694 composuit,
1080 2621 1112 2676 et
1137 2615 1268 2694 scripsit

148 2740 232 2802 opus
249 2745 264 2775 α
283 2721 323 2782 de
338 2718 546 2800 significatu³
561 2721 736 2784 verborum
754 2745 768 2774 2
786 2720 915 2797 ingenti
935 2717 1097 2802 librorum
1116 2737 1266 2799 numere,

148 2829 262 2898 omnis,
282 2827 439 2890 doctrinae
464 2826 613 2909 plenum,
635 2827 878 2908 antiquissimis
897 2827 1097 2907 optimisque
1122 2827 1269 2890 lontibus

148 2935 198 2996 ita
210 2952 302 3016 usus,
319 2940 357 2996 ut
372 2932 535 3012 singulari
550 2933 736 2996 eruditione
756 2941 787 2995 et
807 2933 935 3010 ingenii
955 2935 1107 2996 acumine
1127 2932 1270 2996 clarissi-

149 3041 216 3102 mis
230 3041 317 3102 inter
330 3039 497 3102 Romanos
517 3046 549 3102 et
568 3040 636 3102 lere
652 3041 739 3101 inter
754 3037 885 3102 Graecos
906 3037 1089 3118 philologis
1105 3037 1195 3102 haud
1210 3040 1271 3101 im-

151 3163 212 3225 par
229 3145 390 3209 videatur.
414 3145 499 3207 Tum
519 3163 558 3207 ex
577 3163 616 3208 eo
636 3147 719 3208 tanti
738 3146 897 3207 momenti
917 3163 1014 3225 opere
1035 3147 1200 3226 praecipua
1219 3162 1272 3206 ex-

151 3255 273 3332 cerpsit
295 3251 474 3332 Pompeius
495 3249 623 3333 Festus,
648 3270 789 3333 quorum
814 3259 1040 3331 excerptorum
1060 3271 1136 3333 pars
1156 3251 1197 3314 ad
1212 3268 1272 3314 nos

153 3359 331 3438 pervenit,
360 3375 399 3418 ex
424 3356 567 3420 Festinis
589 3358 711 3421 iterum
738 3357 863 3420 Paulus
887 3358 1054 3438 epitomen
1078 3358 1177 3438 feeit,
1201 3373 1273 3436 quae

152 3470 284 3526 :etatem
293 3461 383 3526 tulit.
398 3461 508 3525 Verrii
524 3481 601 3542 ergo
616 3482 684 3527 non
699 3463 888 3543 conjectura
903 3471 1042 3545 tantum,
1057 3463 1274 3527 sedvivisad-

152 3570 221 3633 huc
233 3570 360 3648 ingenii
370 3569 443 3650 ejus
453 3571 677 3632 monumentis
693 3571 874 3649 imaginem
887 3590 998 3634 veram
1008 3571 1105 3634 nohis
1120 3571 1275 3648 effingere

182 3865 202 3904 1.
217 3858 329 3915 Quintil,
339 3859 358 3914 l,
368 3865 435 3915 4,11;
446 3859 547 3912 Victor„
559 3858 586 3904 K.
597 3858 636 3913 VI,
648 3870 672 3914 p.
685 3863 717 3904 18.

182 3926 202 3965 2.
219 3919 253 3967 ct
264 3922 373 3976 Sueten,
383 3920 399 3968 l.
411 3933 439 3972 e..
450 3928 462 3971 s
474 3928 510 3975 ιτς
522 3921 547 3966 C.
560 3921 587 3965 0.
598 3919 708 3976 Mueller,
718 3920 786 3966 Serti
800 3921 910 3978 Pompeii
926 3923 990 3969 desti
999 3921 1029 3969 de
1039 3920 1171 3968 cerberum
1185 3919 1280 3980 signifi·

155 3982 251 4028 catione
260 3983 338 4038 (1880).
349 3981 457 4042 praerut.;
468 3981 606 4036 Hoffmann,
618 3983 651 4026 Dc
665 3982 728 4027 Festi
738 3979 767 4027 de
777 3981 908 4028 cerberum
923 3983 1104 4042 significatione
1119 3981 1192 4029 libris
1203 3991 1280 4042 quaes·

156 4043 234 4090 tiones
244 4047 328 4100 (issem
339 4044 513 4097 Reitzenstein,
527 4043 698 4090 Verrtcnische
707 4043 890 4102 Forschunpem
902 4047 928 4090 in
938 4045 1049 4092 Bretina.
1060 4043 1147 4102 pttlot
1160 4041 1280 4092 Attondt.

157 4107 259 4163 l(1881);
270 4107 347 4162 Goetz,
358 4105 422 4152 Berl.
433 4105 519 4154 Ptttol.
533 4105 697 4153 Wochenschr.
709 4109 788 4161 (1837),
798 4105 844 4150 col.
854 4112 905 4153 11⁴9
916 4120 982 4166 sqq.;
996 4109 1022 4154 0.
1034 4105 1146 4162 Froehde,
1156 4108 1190 4153 De
1200 4104 1281 4151 Nonio

158 4165 271 4214 Marcello
280 4171 301 4214 et
316 4168 400 4214 Verrio
411 4167 495 4214 Flacco
506 4170 584 4223 (resep

185 4235 205 4274 t.
220 4230 259 4276 sie
270 4230 375 4282 Gellius,
386 4229 416 4292 V,
427 4235 460 4274 ιτ,

265 4332 298 4363 nr
312 4331 410 4364 suun.
425 4328 515 4363 vocae.
1164 4318 1178 4358 ἱ
