3124 5050
276 591 347 653 qnae
370 591 389 634 a
416 576 543 636 ratione
564 574 792 654 proficiscatur
809 574 837 657 ¹,
863 593 1026 656 quamque
1050 573 1186 660 ἔναρθρον
1209 580 1394 638 nominant.

276 680 456 742 Hominum
474 683 563 742 enim
579 699 697 763 sermo,
713 689 750 745 ut
765 682 827 745 hoc
843 682 1039 745 vocabulum
1063 709 1075 734 ι
1095 681 1232 768 ἔναρθρος
1250 707 1265 738 ν
1287 683 1398 764 expla-

276 796 383 867 netur,
402 803 574 868 compages
592 789 740 868 quaedam
758 797 807 852 est
825 788 1001 853 mobilium
1015 792 1245 870 variarumque
1263 807 1394 868 vocum,
1412 779 1416 788 ’

276 901 331 955 ant
347 894 568 974 metaphorice
584 913 702 975 corpus
718 900 923 977 continuum,
942 896 1036 975 cujus
1051 897 1198 958 membra
1211 915 1271 977 per
1283 899 1397 972 αγθὶοιι-

276 1002 319 1061 los
341 999 536 1081 copulantur
555 1010 805 1083 moventurque.
830 1001 902 1076 Qua
921 1002 1057 1084 quidem
1075 1002 1268 1083 metaphora
1280 1004 1345 1084 usi,
1365 1012 1398 1066 et

277 1107 381 1170 Stoici
405 1125 518 1170 vocem
541 1108 720 1171 humanam
743 1108 878 1196 ἔναρθρον
902 1127 973 1172 esse
999 1108 1168 1189 dixerunt,
1194 1116 1226 1171 et
1246 1118 1322 1171 ante
1342 1125 1399 1172 eos

275 1213 473 1276 Aristoteles
501 1213 663 1281 διάλεκτον
691 1214 871 1296 appellavit
899 1213 959 1304 τὴν
988 1221 1049 1302 τῆς
1078 1219 1184 1302 φωνῆς
1206 1219 1248 1301 τῇ
1271 1215 1398 1302 γλώττγ,

276 1316 465 1404 διάρθρωσιν,
486 1320 540 1383 vel
558 1316 618 1409 τὴν
638 1318 669 1386 ἔν
689 1318 808 1407 ἄρθροις
828 1319 963 1408 ρωνήν’.
988 1319 1073 1384 Cum
1092 1328 1202 1383 autem
1217 1321 1289 1384 hato
1303 1323 1399 1402 quasi

275 1427 421 1487 membra
445 1425 581 1488 humani
606 1430 768 1490 sermonis
793 1426 911 1489 litterae
934 1421 1135 1511 (γράμματα)
1157 1424 1257 1505 siut³,
1283 1427 1398 1490 eodem

277 1545 376 1594 sensu
390 1549 453 1594 vox
467 1532 613 1595 humana
626 1534 680 1596 vel
696 1531 834 1619 ἔναρθρος
849 1532 902 1597 vel
918 1532 1140 1619 ἐγγράμματος
1159 1537 1326 1597 nominari
1340 1553 1399 1615 po·

276 1646 349 1701 test.
367 1638 449 1701 Inde
464 1638 548 1718 λέξιν
562 1641 729 1719 Diogenes
745 1638 896 1702 Laertius
908 1640 1092 1702 definiens:
1112 1666 1126 1694 «
1142 1639 1237 1718 Λέξις
1251 1640 1285 1705 δέ
1300 1639 1396 1722 ἔστιν,

276 1745 396 1825 inquit,
415 1739 456 1822 ὥς
471 1767 548 1831 φησι
564 1745 718 1830 Διογένης,
742 1740 827 1832 ρωνέγ
845 1743 1087 1830 ἐγγράμματος*
1104 1771 1134 1827 ι,
1153 1753 1185 1808 et
1199 1745 1298 1826 paulo
1312 1746 1400 1808 inira

276 1869 293 1912 a
310 1851 443 1913 notione
459 1857 566 1938 ρωνῆς
582 1851 791 1929 distinguens
809 1873 816 1913 :
838 1878 851 1905 ι
869 1851 1014 1936 Διαφέρει
1028 1850 1062 1918 δὲ
1076 1848 1161 1936 φωνὴ
1177 1852 1233 1918 καὶ
1246 1851 1331 1930 λέξις
1349 1847 1400 1918 ὅτι

276 1952 360 2043 φωνὴ
379 1954 433 2042 μὲν
448 1957 503 2023 καὶ
518 1954 532 2023 ὁ
549 1949 630 2043 ἦχός
645 1955 724 2038 ἔστι,
742 1957 827 2036 λέξις
841 1953 874 2023 δὲ
889 1953 925 2022 τὸ
943 1956 1082 2042 ἔναρθρον
1097 1956 1199 2042 μόνον.
1220 1983 1234 2011 2·

322 2062 507 2127 Stoicorum
522 2067 673 2141 vestigiis
687 2067 840 2144 ingressi,
860 2064 970 2126 Latini
982 2065 1102 2126 artium
1117 2063 1313 2144 scriptores⁵
1329 2067 1399 2126 siva

276 2177 349 2249 post
369 2174 587 2248 grammaticae
609 2170 838 2233 definitionem
858 2158 1179 2252 εἰνο’μι·1ιιιοομοι·ἰο
1199 2169 1308 2251 initio,
1326 2187 1400 2251 quae

276 2277 320 2338 sit
337 2301 352 2330 e
370 2295 432 2339 vox
451 2302 479 2358 ν,
499 2285 530 2340 et
550 2295 622 2356 quae
640 2280 736 2339 variae
755 2277 827 2356 ejus
848 2278 987 2358 species,
1006 2276 1169 2358 explicare
1190 2275 1400 2339 solentiam

274 2381 458 2444 Varronem
479 2383 518 2445 de
538 2385 581 2444 iis
601 2384 840 2464 quaestiouibus
860 2385 897 2444 in
916 2384 1023 2463 primo
1042 2383 1127 2444 libro
1150 2408 1165 2438 «
1188 2382 1228 2444 de
1248 2399 1400 2444 sermone

277 2488 381 2550 latino
401 2514 415 2544 »
439 2489 625 2570 disputasse
647 2498 679 2552 et
701 2487 830 2553 Stoicos
852 2497 1002 2554 secutum
1022 2508 1093 2552 esse
1108 2489 1298 2553 Wronnuns
1313 2489 1400 2552 arhi-

275 2592 411 2660 tratur⁶.
431 2595 498 2659 Sed
514 2596 624 2660 locum
638 2597 822 2678 Diomedis,
846 2615 944 2676 quem
964 2592 1396 2676 mterreliquias⁷1eoepit‚

275 2701 434 2766 Varronis
449 2722 509 2766 nec
524 2707 623 2766 verba
637 2723 698 2766 neo
712 2705 849 2767 fortasse
865 2704 1047 2768 doctrinam
1061 2703 1199 2766 reddere
1215 2707 1286 2783 ipse
1302 2701 1399 2780 proii-

276 2817 374 2872 tetur.
388 2810 486 2889 Apud
495 2809 631 2872 Velinm
641 2810 793 2888 Longum
803 2809 814 2840 ⁸
824 2813 968 2891 primum
978 2809 1160 2872 videmusa
1174 2807 1398 2887 grammaticis

276 2913 387 2994 plnres
401 2918 492 2978 vocis
507 2917 633 2995 species
650 2916 821 2978 distinctas
844 2935 928 2979 esse.
946 2917 1105 2979 Litteram
1121 2919 1210 2978 enim
1228 2915 1329 2978 refert
1344 2913 1398 2976 de-

276 3021 403 3083 finitam
428 3039 499 3085 esse
521 3025 562 3086 ab
587 3022 662 3084 aliis
690 3049 704 3076 ι
730 3023 866 3086 initium
888 3025 978 3086 vocis
1004 3021 1185 3104 explanatae
1207 3047 1237 3103 ι,
1263 3024 1304 3084 ab
1322 3020 1398 3082 aliis

279 3153 293 3181 θ
313 3129 447 3190 initium
461 3132 552 3192 vocis
573 3129 793 3209 significantis
812 3154 841 3210 ν,
859 3131 900 3192 ab
914 3129 991 3192 aliis
1009 3155 1024 3184 ‹
1042 3133 1177 3192 initium
1191 3132 1281 3192 vocis
1297 3128 1398 3208 serip-

277 3235 346 3296 tilis
364 3259 392 3299 »,
419 3235 463 3296 Αθ
487 3235 637 3316 plerique
661 3236 842 3316 artigraphi
865 3235 914 3298 IV
936 3243 969 3298 et
990 3236 1020 3297 V
1042 3234 1156 3298 saeouli
1172 3235 1252 3296 duas
1271 3241 1397 3296 tautum

277 3425 490 3434 ...—

303 3549 322 3584 i.
341 3547 375 3582 ἰιιλ
388 3541 474 3590 διανοίας
486 3547 618 3595 Ικτιιμπομένη
628 3559 632 3587 τ
644 3538 660 3586 l.
671 3553 692 3586 c.

303 3610 322 3647 a.
339 3603 399 3648 Hiet.
415 3604 502 3655 acini..
519 3603 556 3657 iV,
567 3609 587 3648 9.
604 3602 639 3649 Cf.
655 3604 760 3657 Lueret,
772 3602 810 3656 tv,
821 3609 877 3648 549:
891 3622 901 3641 ι
912 3612 1012 3647 vocas...
1023 3600 1120 3646 Mobilis
1135 3598 1257 3652 articulat,
1267 3599 1396 3644 verbomm

276 3663 377 3717 daedale,
388 3664 482 3721 lingua.
496 3682 505 3702 a
517 3665 634 3722 Idemque
651 3667 774 3723 signiticai
790 3665 839 3710 Cio.
851 3666 894 3719 (De
904 3666 961 3709 lt'at.
974 3664 1053 3712 Dece,
1064 3662 1092 3715 ll,
1103 3667 1137 3716 59,
1149 3663 1196 3717 rto)
1208 3676 1214 3705 ι
1226 3679 1235 3699 ι
1247 3661 1282 3706 Εα
1297 3661 1397 3718 (lingua)

275 3737 363 3771 rocem
380 3724 541 3771 immoderato
558 3727 683 3784 profusam
703 3727 774 3784 fingit
792 3730 816 3772 et
833 3726 948 3771 terminat
964 3727 1039 3781 atoue
1054 3736 1128 3770 sonos
1142 3725 1212 3770 vocis
1229 3721 1358 3770 distinctos
1375 3727 1397 3769 et

276 3799 374 3845 pressos
384 3788 467 3832 eiilcit.
479 3805 489 3826 ι

303 3857 323 3893 u.
339 3857 378 3901 Τῆς
389 3851 410 3893 δέ
422 3853 489 3900 λέξεως
499 3859 585 3906 merguid
597 3859 636 3894 ten
646 3861 670 3894 τὰ
680 3857 828 3908 ιθιασιτέασαρα
838 3859 944 3907 γράμματα
954 3850 1031 3907 (Diog.
1043 3849 1184 3905 Iauerl·,VH,
1194 3849 1238 3903 66)·
1250 3851 1306 3898 Λέξις
1317 3850 1395 3894 &illem

276 3917 313 3956 ost
323 3924 371 3967 μιν,
383 3913 478 3968 ἔναρθρος,
489 3912 513 3957 id
525 3914 563 3957 est
573 3923 622 3968 φωνὴ
633 3918 731 3970 ανθρώπου
743 3913 820 3970 (Diog.
832 3913 918 3968 Luert,
929 3912 979 3966 Vll,
990 3917 1016 3958 55
1027 3914 1098 3970 sqq.).

302 3980 323 4017 4.
339 3973 373 4019 Cl'.
385 3973 433 4027 Vli,
444 3979 478 4019 56.
488 3975 610 4030 Diogenes
620 3973 771 4031 Babylonius
780 3975 822 4031 κιρὶ
834 3985 895 4031 φωνῆς
906 3973 1046 4030 scripserat.

303 4041 323 4080 5.
340 4034 374 4080 Ct'.
385 4035 520 4091 praesertim
531 4036 625 4089 Donat,
636 4035 739 4090 citaris..
751 4035 870 4082 Priscian.

304 4105 323 4142 6.
339 4097 362 4142 Ρ.
374 4103 408 4152 36,
418 4104 443 4142 81
453 4110 489 4154 ογ.

305 4161 555 4218 thmpmm

305 4230 325 4264 u.
342 4221 368 4266 li.
379 4222 429 4276 Vll,
441 4234 463 4279 p.
475 4229 508 4269 to.
