3124 5050
614 451 839 518 -23-

168 603 227 665 sed
254 602 404 663 noudum
428 601 468 662 ab
493 599 648 662 omnibus
673 599 860 679 approbatis
886 581 1089 676 argumentis
1119 595 1286 678 inductus,

168 709 270 771 dubia
297 707 353 769 illi
381 709 508 770 auctori
537 705 718 770 vindicare.
745 705 787 767 In
810 704 925 783 lingua
948 723 1025 768 vero
1054 730 1069 760 α
1095 704 1248 768 tecbnioa
1270 729 1285 758 2

166 835 249 878 num
271 832 347 878 cuni
369 812 558 876 Palaemone
581 817 795 894 consenserit,
819 819 875 875 aut
897 812 977 894 quid
999 815 1088 876 inter
1108 813 1190 876 duos
1209 811 1288 877 illos

77 961 80 967 ·
168 921 311 1002 aequales
332 922 574 1002 grammaticos,
598 920 722 1000 pariter
749 920 957 982 doctissimos
981 937 1019 981 ac
1047 918 1285 1000 nobilissimos,

167 1029 369 1109 interfuerit,
387 1027 576 1108 dijudicari,
589 1027 678 1107 quod
691 1029 827 1089 maximi
843 1029 886 1116 sit
900 1026 941 1088 ad
955 1043 1067 1088 meum
1082 1029 1287 1106 propositum

165 1137 338 1217 momenti,
356 1135 622 1198 testimoniorum
634 1135 776 1214 penuria
789 1151 856 1196 non
870 1139 989 1212 potest.

214 1242 339 1306 Eodem
363 1240 496 1320 saeculo,
522 1259 587 1321 quo
612 1240 781 1304 Palaemon
806 1247 838 1302 et
862 1240 1006 1322 Plinius,
1037 1246 1166 1302 aetatem
1195 1240 1287 1302 duxit

166 1350 214 1415 M.
237 1349 391 1413 Valerius
416 1347 547 1411 Probus
565 1348 732 1428 Berytius.
755 1345 859 1409 Illum
883 1347 964 1410 dicit
990 1341 1187 1410 Suetonius¹
1211 1355 1286 1409 ente

166 1460 280 1520 omnia
303 1458 478 1536 scriptores
501 1454 623 1518 latinos
647 1454 887 1535 emendavisse,
920 1455 1121 1536 distinxisse,
1152 1454 1286 1517 adnota-

166 1567 266 1645 visse‚
283 1582 391 1643 neque
405 1561 470 1624 ulli
485 1561 544 1623 alii
559 1561 778 1640 grammaticae
794 1561 881 1641 parti
895 1579 966 1624 esse
980 1562 1145 1641 deditum,
1166 1579 1286 1641 paucos

168 1671 260 1734 addit
287 1670 329 1732 ab
353 1687 391 1732 eo
416 1668 580 1731 admissos
604 1686 675 1730 esse
700 1673 888 1748 sectatores,
917 1668 1114 1748 quibuscum
1138 1668 1288 1747 quaedam

166 1776 305 1856 legeret,
323 1776 423 1855 idque
438 1791 591 1854 perrar03
607 1774 709 1836 nimis
726 1790 830 1852 pauca
851 1780 884 1835 et
903 1774 1022 1852 exigua
1036 1774 1076 1836 de
1091 1774 1289 1854 quibusdam

165 1882 306 1944 minutis
329 1880 584 1961 quaestiunculis
607 1879 770 1958 edidisse3
798 1879 855 1942 sed
878 1877 1055 1959 reliquisse
1074 1897 1142 1943 non
1163 1879 1288 1942 medio·

166 2006 256 2050 crem
276 1986 395 2050 silvanr
418 1987 685 2050 observationum
709 1989 872 2050 sermonis
897 1988 1037 2066 antiqui.
1064 1985 1108 2047 At
1133 1981 1286 2048 Gellius²

165 2092 290 2156 multos
314 2097 628 2157 commentationum
651 2093 753 2156 libros
777 2093 880 2156 Probi
896 2113 929 2156 se
953 2092 1074 2170 legisse
1103 2094 1286 2173 profitetur.

166 2201 254 2263 Tum
272 2201 359 2280 apud
380 2196 588 2262 Charisium³
607 2199 777 2263 Romanus
796 2199 945 2279 ejusdem
965 2203 1043 2263 citat
1064 2200 1186 2263 librum
1213 2223 1228 2254 «
1247 2199 1287 2262 de

165 2306 390 2387 inaequalitate
400 2306 652 2371 consuetudinis
669 2330 684 2362 »
702 2309 911 2388 inscriptum,
928 2305 1092 2386 multique
1107 2306 1166 2368 alii
1179 2324 1286 2386 gram-

166 2415 281 2476 matici
301 2412 448 2476 Probum
469 2415 654 2476 nominent.
679 2412 816 2476 Exstant
843 2412 985 2492 denique
1009 2413 1121 2492 plures
1145 2411 1287 2474 libellis

166 2519 288 2582 Kruro
308 2520 406 2582 initio
430 2516 460 2581 V
484 2518 665 2582 voluminis
690 2519 884 2582 Latinorum
906 2518 1202 2581 Grammaticorum
1225 2517 1287 2581 sub

166 2625 302 2689 nomine
322 2623 425 2688 Probi
444 2621 563 2690 editi⁴.
585 2623 648 2686 His
671 2643 688 2688 e
714 2623 889 2686 contrariis
913 2624 1113 2687 testimoniis
1137 2631 1214 2686 nata
1237 2628 1287 2686 est

165 2733 372 2813 disceptatio.
391 2731 546 2811 Suetonii
560 2734 650 2794 enim
663 2735 855 2796 auctoritate
879 2733 988 2814 nixus,
1006 2731 1100 2794 Bscr
1118 2723 1286 2795 contendit

165 2837 338 2924 Valerium
370 2838 517 2903 Probum
552 2842 803 2917 grammaticum
835 2858 917 2920 opus
950 2840 1084 2918 longius
1112 2841 1285 2902 breviusvo

167 2944 340 3024 scripsisse
360 2943 528 3023 nullum⁶3
553 2947 664 3007 omnia
678 2963 756 3008 vero
771 2962 844 3026 quae
864 2963 884 3007 a
904 2944 1024 3009 saeculo
1040 2944 1089 3006 IV
1104 2945 1217 3008 critico
1232 2943 1286 3006 illi

168 3050 421 3114 tribuanturvel
445 3051 549 3114 tribui
572 3051 756 3133 videantur,
775 3071 814 3115 ex
838 3059 928 3133 parte
952 3053 1075 3133 majore
1101 3059 1158 3115 aut
1176 3070 1285 3114 errore

166 3163 223 3222 aut
250 3156 462 3236 neglegentia
490 3164 546 3220 aut
573 3160 742 3237 imperitia
775 3161 1065 3236 grammaticorum
1092 3158 1284 3240 posterioris

163 3263 272 3327 aetatis
286 3263 387 3326 Probi
411 3261 542 3343 Berytii
563 3270 708 3344 speciem
727 3265 884 3346 praebere,
899 3283 936 3327 re
951 3283 1029 3326 vera
1043 3283 1081 3327 ex
1095 3264 1170 3326 aliis
1185 3263 1285 3326 fonti·

165 3367 413 3435 sustulisset
437 3367 595 3434 111111117
617 3377 737 3451 autem,
765 3369 912 3453 Gosrz⁸,
939 3371 1008 3452 alii,
1032 3371 1113 3433 huic
1134 3370 1286 3452 opinioni

164 3475 393 3557 adversantur,
410 3475 458 3538 ita
470 3483 580 3538 temen
593 3482 631 3538 ut
649 3477 831 3539 concedant
849 3477 953 3540 libros
967 3479 1208 3559 grammaticos,
1226 3478 1285 3557 qui

167 3582 300 3646 nomine
316 3581 419 3646 Probi
433 3583 592 3665 ferantur,
611 3584 826 3648 arecentiore
842 3583 1043 3666 artigrapho,
1061 3583 1109 3646 IV
1119 3585 1284 3647 verisimi-

192 3819 213 3858 1.
227 3812 252 3858 t.
263 3817 335 3866 1.,84.

191 3881 212 3920 8.
226 3874 320 3930 1111,8ο.

190 3941 211 3982 3.
225 3936 253 3981 Κ.
264 3935 282 3992 1,
293 3940 376 3993 11198.

189 4003 211 4043 4.
226 3995 261 4044 Gl.
271 3996 344 4053 inire,
354 4009 377 4054 p.
388 4001 461 4056 eosq.

190 4063 211 4103 o.
226 4060 259 4104 De
269 4060 298 4104 n.
313 4057 409 4105 Vsterio
418 4058 496 4106 Probo
505 4059 612 4118 berytia,
622 4062 668 4107 etc.
679 4061 757 4117 (1886),
767 4071 792 4118 p.
803 4065 838 4106 8ο.

189 4127 210 4167 o.
224 4120 268 4178 ld,
278 4133 302 4180 p.
313 4126 326 4166 5
336 4133 373 4178 sq.

190 4188 210 4228 t.
223 4181 316 4228 Bertio.
327 4180 413 4229 Ptttlot.
430 4181 595 4230 Woclrcoscbr.
607 4184 686 4240 (1887),
696 4183 743 4230 111.
754 4189 813 4230 tato.

190 4249 210 4290 8.
224 4244 336 4300 Bnrsien,
346 4243 456 4292 retreat.
468 4244 567 4300 LXVIII,
577 4257 601 4302 p.
613 4251 660 4292 186.
