3124 5050
773 465 995 528 ..10-

325 610 442 672 borum
456 611 661 688 compositio,
679 607 737 670 sed
750 611 921 670 sententiae
933 624 1049 668 sensus
1060 604 1287 668 consideratur
1297 603 1319 666 ¹.
1332 605 1457 668 Restat

325 715 410 776 liber
423 713 481 776 ille
498 712 750 794 etymologicus,
763 714 804 775 ad
819 732 916 794 quem
927 709 1019 794 (licet
1029 712 1101 792 ejus
1116 710 1209 774 nulla
1223 711 1308 792 apud
1319 717 1456 774 veteres

326 825 450 884 mentio
470 815 587 904 exstet)
608 821 727 882 Mexrz
749 824 861 884 omnia
879 821 1063 898 fragmenta
1080 818 1191 899 refert,
1209 835 1280 898 quae
1296 818 1338 880 ad
1351 835 1455 882 voca·
1536 834 1537 872 t

326 926 402 991 bula
421 927 625 1009 explananda
643 931 837 1008 respiciunt,
863 945 969 1007 neque
989 929 1025 988 in
1044 929 1190 988 caruxiua
1209 923 1348 987 Saliaria
1366 943 1454 1004 qua·
1536 963 1537 966 =

325 1035 433 1097 drant.
454 1035 563 1114 Atque
583 1033 681 1096 illum
699 1033 822 1096 librum
842 1037 888 1096 ita
908 1041 1001 1114 putat
1023 1035 1246 1095 «institutum
1269 1033 1385 1112 fuisse,
1412 1038 1456 1094 ut

325 1141 442 1203 Aelius
456 1138 561 1202 multa
575 1140 673 1203 verba
688 1147 745 1202 aut
758 1159 830 1202 rara
845 1148 901 1202 aut
916 1138 1064 1203 obsoleta
1079 1137 1261 1219 colligeret,
1279 1145 1312 1198 et
1325 1141 1453 1219 partini

325 1247 542 1329 etymologia,
568 1251 689 1328 partim
713 1245 875 1326 exemplis
898 1246 1046 1325 undique
1074 1245 1258 1308 litterarum
1286 1247 1450 1324 sumptis,

325 1357 444 1432 partim
468 1360 605 1433 utraque
629 1357 757 1416 ratione
782 1353 976 1415 illustraret.
1004 1350 1320 1431 Glossographicum
1343 1354 1453 1428 igitur

325 1459 455 1521 videtur
469 1459 572 1522 luisse
590 1457 705 1540 opus'.
725 1483 740 1514 ι
758 1457 848 1521 Fieri
873 1459 1012 1539 quidem'
1029 1462 1147 1538 potuit,
1171 1464 1209 1520 ut
1230 1463 1286 1518 aut
1308 1459 1343 1518 in
1358 1457 1452 1536 ejus·
1537 1439 1538 1468 ³

325 1566 415 1629 modi
443 1565 545 1648 libre,
573 1573 628 1628 aut
656 1568 691 1628 in
722 1565 899 1629 Saliarium
928 1567 1111 1628 carminum
1140 1563 1368 1645 explanatione
1392 1584 1452 1628 res

325 1675 544 1750 grananatieae
561 1680 785 1754 tangerentur,
803 1673 945 1736 velutin
964 1671 1028 1734 hoc
1047 1671 1119 1733 loco
1137 1668 1305 1732 Charisii⁸
1324 1692 1332 1731 ε
1352 1695 1366 1723 ‹
1384 1669 1450 1733 Fe-

326 1781 433 1842 rocior
445 1785 512 1840 tam
528 1797 625 1858 quam
640 1781 734 1860 pejor
747 1779 866 1842 melior
880 1783 926 1841 ait
941 1776 1026 1841 Stilo
1041 1781 1077 1840 in
1092 1781 1134 1838 eis
1148 1772 1335 1840 accusativo
1348 1793 1450 1856 posse

326 1885 475 1966 proferri,
498 1885 699 1948 ferocioreis.
723 1884 928 1949 Ferientium
949 1887 1119 1948 lerienteis
1141 1884 1230 1946 idem
1250 1883 1336 1946 Stilo
1352 1891 1450 1963 putat

325 1991 431 2052 facere
453 1990 583 2070 debere,
605 1997 641 2053 nt
664 1990 832 2054 docenteis
854 1991 1036 2071 saltanteis,
1054 1993 1209 2070 quoniam
1231 2007 1447 2070 quaecumque

323 2113 435 2159 secum
453 2098 546 2160 verbi
562 2098 639 2178 Jura
657 2101 844 2176 traxissent,
867 2115 907 2158 ea
924 2100 1119 2160 accusativis
1138 2095 1334 2178 pluralibus,
1351 2095 1447 2174 adju·
1538 2093 1539 2138 t

325 2211 420 2265 vante
445 2204 611 2266 dumtaxat
635 2207 782 2282 genitivo
806 2202 940 2284 plurali,
966 2204 1003 2264 in
1026 2207 1068 2263 eis
1091 2209 1293 2264 sonarent.»
1320 2199 1384 2263 Sed
1408 2211 1448 2263 ut

325 2308 403 2371 talia
414 2316 577 2390 tractaret,
591 2326 657 2371 non
667 2313 800 2389 penitus
811 2308 934 2386 linguae
944 2309 1034 2388 leges
1049 2310 1285 2388 introspexisse
1295 2305 1443 2386 Aelium,

324 2433 365 2478 no
385 2419 608 2495 grammaticis
629 2417 762 2497 quidem
777 2416 946 2479 vocabulis
966 2416 1017 2478 uti
1032 2433 1114 2495 opus
1129 2411 1226 2478 tuiti
1245 2413 1340 2487 Quod
1354 2417 1445 2474 enim

325 2522 499 2585 Charisius
529 2527 762 2603 accusativum,
794 2523 969 2603 pluralem,
1001 2523 1193 2602 genetivum
1221 2522 1258 2582 in
1281 2521 1343 2583 hoc
1371 2520 1446 2583 loco

323 2633 506 2711 usurpavit,
525 2649 591 2693 non
607 2630 684 2692 inde
700 2630 815 2709 colligi
831 2636 939 2709 potest
960 2629 1101 2692 Stilonis
1116 2636 1210 2691 aetate
1225 2627 1285 2689 has
1300 2626 1446 2708 appella·
1539 2643 1540 2702 ξ

324 2740 429 2800 tiones
445 2738 481 2798 in
496 2755 558 2798 usu
575 2738 689 2818 luisse,
708 2755 791 2817 quae,
805 2741 911 2816 prima
922 2744 1065 2816 excepta,
1083 2736 1171 2816 apud
1181 2734 1363 2798 Varronem
1377 2753 1444 2796 nou

322 2843 624 2922 deprehendantur.

367 2947 458 3010 Aelii
476 2947 616 3011 Stilonis
631 2953 735 3027 igitur
749 2951 886 3030 ejusque
901 2948 1092 3030 aequaliunr,
1113 2948 1299 3028 Nicanoris,
1313 2946 1445 3038 Aurelii

323 3053 442 3136 Opilii,
464 3056 603 3117 Antonii
625 3055 827 3138 Gniphonis,
853 3054 1016 3118 aliorum⁶
1036 3073 1073 3117 ea
1093 3056 1197 3118 luisse
1219 3072 1318 3134 opera
1333 3053 1440 3132 credo,

322 3181 362 3224 ex
377 3163 509 3243 quihnS,
537 3163 665 3225 etiamsi
689 3164 817 3240 integra
840 3163 881 3225 ad
905 3181 964 3225 nos
983 3163 1224 3243 pervenissent,
1251 3178 1318 3223 non
1341 3160 1445 3222 multa

322 3269 455 3332 haurire
471 3271 650 3348 potuissem
664 3269 704 3331 ad
715 3269 805 3331 hunc
815 3268 967 3332 libellum
978 3269 1018 3331 de
1029 3271 1251 3346 grammaticis
1261 3266 1442 3331 vocabulis.

323 3375 363 3436 In
378 3393 506 3438 sunnna
520 3379 699 3456 ceteroqui,
721 3376 749 3436 si
772 3375 836 3438 soli
851 3380 887 3437 in
902 3374 1023 3437 litteris
1038 3379 1268 3453 regnavissent
1286 3373 1440 3452 Cratetei,

323 3481 434 3544 nescio
448 3500 490 3543 an
506 3480 639 3560 longius
653 3500 720 3544 non
737 3500 908 3561 progressa
924 3489 1011 3546 esset
1025 3481 1248 3558 grammatica.
1262 3480 1393 3541 Etenim
1403 3479 1443 3540 ad

323 3593 434 3666 poetas
458 3587 721 3666 interpretandos
746 3587 1044 3667 emendandosque,
1072 3605 1147 3648 eum
1173 3584 1442 3649 consuetudinem

349 3878 368 3917 ι.
384 3871 443 3917 Miro
453 3872 526 3917 modo
537 3872 660 3918 consentit
670 3873 764 3920 Gellius
775 3885 831 3918 cum
843 3872 950 3929 Diogene
961 3871 1064 3927 Laertio,
1075 3869 1205 3927 Chrysippi
1215 3867 1372 3926 aliorumque
1385 3868 1443 3913 Stoi·

321 3943 408 3978 corum
419 3932 509 3990 placita
519 3939 659 3991 exponente
670 3935 728 3991 (Vll,
739 3943 765 3980 ot
775 3937 846 3992 sqq).

349 3996 529 4053 campa

347 4065 367 4102 ³.
384 4058 411 4103 li.
424 4058 440 4107 1,
451 4070 474 4115 p,
487 4064 525 4101 xta
536 4070 573 4115 sq.
585 4056 619 4104 Cl.
631 4058 719 4114 Eggcr,
729 4057 744 4102 l.
756 4070 786 4108 a,
796 4070 819 4114 p.
832 4064 870 4113 113
881 4057 967 4112 lientz,
979 4069 1001 4113 p.
1013 4062 1046 4100 29.

347 4123 368 4164 4.
385 4119 418 4166 ct.
431 4121 497 4165 hunc
507 4120 586 4166 Verrii
599 4119 679 4165 Flacci
691 4121 772 4166 locum
781 4119 864 4175 (Fest,
873 4131 897 4177 p.
907 4121 955 4173 tto)
966 4132 971 4160 =
984 4136 994 4156 α
1006 4117 1106 4175 liecipio
1115 4117 1179 4175 apud
1191 4117 1318 4170 Catonem,
1329 4127 1372 4172 pro
1382 4112 1441 4158 reci·

322 4183 396 4238 piam,
406 4185 431 4227 ut
443 4182 491 4227 alla
501 4181 621 4238 ejusmodi
633 4181 767 4238 complura.
780 4199 790 4220 »
801 4182 828 4226 V.
843 4181 916 4236 inira,
927 4193 949 4237 p.
962 4187 986 4225 17
997 4191 1051 4236 sqq.

348 4251 367 4291 t·
384 4244 419 4291 Cl.
432 4243 548 4299 Teuffol⁸,
560 4256 588 4288 no
600 4249 646 4286 tau.
