<?xml version="1.0" encoding="UTF-8"?>
<!DOCTYPE html PUBLIC "-//W3C//DTD XHTML 1.0 Transitional//EN"
    "http://www.w3.org/TR/xhtml1/DTD/xhtml1-transitional.dtd">
<html xmlns="http://www.w3.org/1999/xhtml" xml:lang="en" lang="en">
 <head>
  <title>
</title>
<meta http-equiv="Content-Type" content="text/html;charset=utf-8" />
  <meta name='ocr-system' content='tesseract 3.04.00' />
  <meta name='ocr-capabilities' content='ocr_page ocr_carea ocr_par ocr_line ocrx_word'/>
</head>
<body>
  <div class='ocr_page' id='page_1' title='image "./degrammaticisvo01jobgoog_0033.png"; bbox 0 0 3124 5050; ppageno 0'>
   <div class='ocr_carea' id='block_1_1' title="bbox 754 459 973 527">
    <p class='ocr_par' dir='ltr' id='par_1_1' title="bbox 754 459 973 527">
     <span class='ocr_line' id='line_1_1' title="bbox 754 459 973 527; baseline -0.009 -17"><span class='ocrx_word' id='word_1_1' title='bbox 754 459 973 527; x_wconf 74' lang='lat'>..13-</span> 
     </span>
    </p>
   </div>
   <div class='ocr_carea' id='block_1_2' title="bbox 281 604 1418 3674">
    <p class='ocr_par' dir='ltr' id='par_1_2' title="bbox 281 604 1418 3674">
     <span class='ocr_line' id='line_1_2' title="bbox 301 604 1416 688; baseline -0.003 -15"><span class='ocrx_word' id='word_1_2' title='bbox 301 609 392 673; x_wconf 92' lang='lat' dir='ltr'>licet.</span> <span class='ocrx_word' id='word_1_3' title='bbox 417 607 484 672; x_wconf 85' lang='lat' dir='ltr'>Sed</span> <span class='ocrx_word' id='word_1_4' title='bbox 502 609 602 671; x_wconf 85' lang='lat' dir='ltr'>verba</span> <span class='ocrx_word' id='word_1_5' title='bbox 623 615 739 671; x_wconf 89' lang='lat' dir='ltr'>notatu</span> <span class='ocrx_word' id='word_1_6' title='bbox 760 608 870 688; x_wconf 85' lang='lat' dir='ltr'>digna,</span> <span class='ocrx_word' id='word_1_7' title='bbox 895 605 1081 670; x_wconf 88' lang='lat' dir='ltr'>secundum</span> <span class='ocrx_word' id='word_1_8' title='bbox 1102 604 1231 668; x_wconf 74' lang='lat' dir='ltr'><strong>litteras</strong></span> <span class='ocrx_word' id='word_1_9' title='bbox 1247 605 1416 684; x_wconf 88' lang='lat' dir='ltr'>disposita,</span> 
     </span>
     <span class='ocr_line' id='line_1_3' title="bbox 300 712 1418 798; baseline -0.004 -20"><span class='ocrx_word' id='word_1_10' title='bbox 300 716 495 798; x_wconf 90' lang='lat' dir='ltr'>plerumque</span> <span class='ocrx_word' id='word_1_11' title='bbox 509 715 564 778; x_wconf 87' lang='lat' dir='ltr'>vel</span> <span class='ocrx_word' id='word_1_12' title='bbox 578 715 729 798; x_wconf 89' lang='lat' dir='ltr'>historia,</span> <span class='ocrx_word' id='word_1_13' title='bbox 741 714 793 778; x_wconf 89' lang='lat' dir='ltr'>vel</span> <span class='ocrx_word' id='word_1_14' title='bbox 806 714 1019 796; x_wconf 74' lang='lat' dir='ltr'>etymologia,</span> <span class='ocrx_word' id='word_1_15' title='bbox 1035 712 1089 776; x_wconf 85' lang='lat' dir='ltr'>vel</span> <span class='ocrx_word' id='word_1_16' title='bbox 1104 712 1264 792; x_wconf 81' lang='lat' dir='ltr'>exemplis</span> <span class='ocrx_word' id='word_1_17' title='bbox 1275 730 1314 774; x_wconf 80' lang='lat' dir='ltr'>ex</span> <span class='ocrx_word' id='word_1_18' title='bbox 1323 712 1418 775; x_wconf 90' lang='lat' dir='ltr'>illus·</span> 
     </span>
     <span class='ocr_line' id='line_1_4' title="bbox 298 820 1416 904; baseline -0.006 -17"><span class='ocrx_word' id='word_1_19' title='bbox 298 826 406 888; x_wconf 86' lang='lat' dir='ltr'>tribus</span> <span class='ocrx_word' id='word_1_20' title='bbox 420 824 634 904; x_wconf 80' lang='lat' dir='ltr'><strong>scriptoribus</strong></span> <span class='ocrx_word' id='word_1_21' title='bbox 650 823 832 902; x_wconf 79' lang='lat' dir='ltr'>desumptis</span> <span class='ocrx_word' id='word_1_22' title='bbox 852 822 1098 901; x_wconf 83' lang='lat' dir='ltr'>iuterpretatur.</span> <span class='ocrx_word' id='word_1_23' title='bbox 1121 820 1198 900; x_wconf 90' lang='lat' dir='ltr'>Ipsa</span> <span class='ocrx_word' id='word_1_24' title='bbox 1217 822 1327 902; x_wconf 87' lang='lat' dir='ltr'>etiam,</span> <span class='ocrx_word' id='word_1_25' title='bbox 1345 837 1416 899; x_wconf 85' lang='lat' dir='ltr'>quae</span> 
     </span>
     <span class='ocr_line' id='line_1_5' title="bbox 299 913 1417 1010; baseline -0.002 -16"><span class='ocrx_word' id='word_1_26' title='bbox 299 951 367 996; x_wconf 90' lang='lat' dir='ltr'>non</span> <span class='ocrx_word' id='word_1_27' title='bbox 388 933 455 994; x_wconf 91' lang='lat' dir='ltr'>nisi</span> <span class='ocrx_word' id='word_1_28' title='bbox 479 931 698 1010; x_wconf 77' lang='lat' dir='ltr'>grammaticas</span> <span class='ocrx_word' id='word_1_29' title='bbox 721 913 844 992; x_wconf 83' lang='lat' dir='ltr'>auxilio</span> <span class='ocrx_word' id='word_1_30' title='bbox 867 929 1034 1009; x_wconf 81' lang='lat' dir='ltr'>explanari</span> <span class='ocrx_word' id='word_1_31' title='bbox 1056 935 1205 1010; x_wconf 77' lang='lat' dir='ltr'>possunt,</span> <span class='ocrx_word' id='word_1_32' title='bbox 1224 944 1308 1008; x_wconf 73' lang='lat' dir='ltr'>serpe</span> <span class='ocrx_word' id='word_1_33' title='bbox 1323 927 1417 992; x_wconf 91' lang='lat' dir='ltr'>nullo</span> 
     </span>
     <span class='ocr_line' id='line_1_6' title="bbox 298 1033 1416 1119; baseline -0.004 -17"><span class='ocrx_word' id='word_1_34' title='bbox 298 1041 510 1119; x_wconf 82' lang='lat' dir='ltr'>grarnmatico</span> <span class='ocrx_word' id='word_1_35' title='bbox 529 1036 691 1100; x_wconf 83' lang='lat' dir='ltr'>vocabulo</span> <span class='ocrx_word' id='word_1_36' title='bbox 712 1035 873 1117; x_wconf 88' lang='lat' dir='ltr'>adhibito,</span> <span class='ocrx_word' id='word_1_37' title='bbox 896 1036 1046 1116; x_wconf 88' lang='lat' dir='ltr'>apposito</span> <span class='ocrx_word' id='word_1_38' title='bbox 1068 1041 1197 1097; x_wconf 87' lang='lat' dir='ltr'>tantum</span> <span class='ocrx_word' id='word_1_39' title='bbox 1219 1033 1297 1116; x_wconf 90' lang='lat' dir='ltr'>alio,</span> <span class='ocrx_word' id='word_1_40' title='bbox 1316 1036 1416 1098; x_wconf 86' lang='lat' dir='ltr'>usita-</span> 
     </span>
     <span class='ocr_line' id='line_1_7' title="bbox 297 1140 1416 1223; baseline -0.004 -15"><span class='ocrx_word' id='word_1_41' title='bbox 297 1147 380 1208; x_wconf 88' lang='lat' dir='ltr'>tiore</span> <span class='ocrx_word' id='word_1_42' title='bbox 401 1153 433 1207; x_wconf 90' lang='lat' dir='ltr'>et</span> <span class='ocrx_word' id='word_1_43' title='bbox 457 1146 641 1208; x_wconf 79' lang='lat' dir='ltr'>recentiore</span> <span class='ocrx_word' id='word_1_44' title='bbox 663 1143 775 1223; x_wconf 88' lang='lat' dir='ltr'>verbo,</span> <span class='ocrx_word' id='word_1_45' title='bbox 802 1141 1019 1222; x_wconf 83' lang='lat' dir='ltr'>explicantur.</span> <span class='ocrx_word' id='word_1_46' title='bbox 1045 1140 1106 1203; x_wconf 80' lang='lat' dir='ltr'>Fr.</span> <span class='ocrx_word' id='word_1_47' title='bbox 1132 1159 1211 1220; x_wconf 79' lang='lat' dir='ltr'>gr:</span> <span class='ocrx_word' id='word_1_48' title='bbox 1239 1165 1254 1196; x_wconf 74' lang='grc' dir='ltr'><strong><em>ι</em></strong></span> <span class='ocrx_word' id='word_1_49' title='bbox 1280 1140 1416 1222; x_wconf 82' lang='lat' dir='ltr'>Recipis</span> 
     </span>
     <span class='ocr_line' id='line_1_8' title="bbox 298 1247 1411 1332; baseline -0.003 -19"><span class='ocrx_word' id='word_1_50' title='bbox 298 1252 384 1332; x_wconf 89' lang='lat' dir='ltr'>apud</span> <span class='ocrx_word' id='word_1_51' title='bbox 406 1249 583 1331; x_wconf 88' lang='lat' dir='ltr'>Catonem,</span> <span class='ocrx_word' id='word_1_52' title='bbox 606 1267 665 1330; x_wconf 89' lang='lat' dir='ltr'>pro</span> <span class='ocrx_word' id='word_1_53' title='bbox 684 1250 861 1331; x_wconf 86' lang='lat' dir='ltr'>recipiam,</span> <span class='ocrx_word' id='word_1_54' title='bbox 883 1247 1007 1312; x_wconf 87' lang='lat' dir='ltr'>utalia</span> <span class='ocrx_word' id='word_1_55' title='bbox 1029 1249 1192 1310; x_wconf 90' lang='lat' dir='ltr'>eiusmodi</span> <span class='ocrx_word' id='word_1_56' title='bbox 1211 1247 1411 1330; x_wconf 82' lang='lat' dir='ltr'>complura»</span> 
     </span>
     <span class='ocr_line' id='line_1_9' title="bbox 297 1349 1411 1441; baseline 0 -22"><span class='ocrx_word' id='word_1_57' title='bbox 297 1354 344 1438; x_wconf 86' lang='lat' dir='ltr'>(p.</span> <span class='ocrx_word' id='word_1_58' title='bbox 361 1354 455 1441; x_wconf 84' lang='lat'><strong>286).</strong></span> <span class='ocrx_word' id='word_1_59' title='bbox 474 1382 489 1412; x_wconf 73' lang='grc' dir='ltr'><strong><em>ι</em></strong></span> <span class='ocrx_word' id='word_1_60' title='bbox 508 1356 590 1420; x_wconf 88' lang='lat' dir='ltr'>Sum</span> <span class='ocrx_word' id='word_1_61' title='bbox 610 1373 668 1437; x_wconf 85' lang='lat' dir='ltr'>pro</span> <span class='ocrx_word' id='word_1_62' title='bbox 687 1375 764 1418; x_wconf 89' lang='lat' dir='ltr'>eum</span> <span class='ocrx_word' id='word_1_63' title='bbox 782 1374 862 1418; x_wconf 91' lang='lat' dir='ltr'>usus</span> <span class='ocrx_word' id='word_1_64' title='bbox 883 1361 932 1416; x_wconf 90' lang='lat' dir='ltr'>est</span> <span class='ocrx_word' id='word_1_65' title='bbox 952 1353 1093 1434; x_wconf 84' lang='lat' dir='ltr'>Ennius,</span> <span class='ocrx_word' id='word_1_66' title='bbox 1112 1349 1193 1416; x_wconf 83' lang='lat' dir='ltr'>etc.¹</span> <span class='ocrx_word' id='word_1_67' title='bbox 1213 1377 1227 1406; x_wconf 81' lang='lat'><strong>»</strong></span> <span class='ocrx_word' id='word_1_68' title='bbox 1251 1349 1297 1437; x_wconf 89' lang='lat' dir='ltr'>(p.</span> <span class='ocrx_word' id='word_1_69' title='bbox 1320 1350 1411 1438; x_wconf 85' lang='lat'>298).</span> 
     </span>
     <span class='ocr_line' id='line_1_10' title="bbox 300 1455 1414 1545; baseline -0.002 -20"><span class='ocrx_word' id='word_1_70' title='bbox 300 1487 315 1518; x_wconf 76' lang='grc' dir='ltr'><strong><em>ι</em></strong></span> <span class='ocrx_word' id='word_1_71' title='bbox 343 1462 458 1544; x_wconf 86' lang='lat' dir='ltr'>Sultis,</span> <span class='ocrx_word' id='word_1_72' title='bbox 484 1463 512 1526; x_wconf 86' lang='lat' dir='ltr'>si</span> <span class='ocrx_word' id='word_1_73' title='bbox 535 1463 646 1545; x_wconf 90' lang='lat' dir='ltr'>voltis,</span> <span class='ocrx_word' id='word_1_74' title='bbox 674 1469 735 1527; x_wconf 89' lang='lat' dir='ltr'>eto.</span> <span class='ocrx_word' id='word_1_75' title='bbox 765 1457 847 1545; x_wconf 85' lang='lat' dir='ltr'>»(p.</span> <span class='ocrx_word' id='word_1_76' title='bbox 871 1455 964 1544; x_wconf 87' lang='lat'>301).</span> <span class='ocrx_word' id='word_1_77' title='bbox 994 1484 1008 1514; x_wconf 76' lang='grc' dir='ltr'><strong>α</strong></span> <span class='ocrx_word' id='word_1_78' title='bbox 1036 1459 1227 1540; x_wconf 87' lang='lat' dir='ltr'>Superescit</span> <span class='ocrx_word' id='word_1_79' title='bbox 1252 1461 1414 1540; x_wconf 88' lang='lat' dir='ltr'>significat</span> 
     </span>
     <span class='ocr_line' id='line_1_11' title="bbox 292 1544 1413 1653; baseline -0.002 -21"><span class='ocrx_word' id='word_1_80' title='bbox 292 1544 470 1651; x_wconf 69' lang='lat' dir='ltr'>supererit,</span> <span class='ocrx_word' id='word_1_81' title='bbox 488 1577 550 1633; x_wconf 90' lang='lat' dir='ltr'>eto.</span> <span class='ocrx_word' id='word_1_82' title='bbox 571 1595 585 1624; x_wconf 68' lang='lat'><em>2</em></span> <span class='ocrx_word' id='word_1_83' title='bbox 604 1565 651 1653; x_wconf 87' lang='lat' dir='ltr'>(p.</span> <span class='ocrx_word' id='word_1_84' title='bbox 669 1566 762 1653; x_wconf 80' lang='lat'><strong>302).</strong></span> <span class='ocrx_word' id='word_1_85' title='bbox 779 1569 870 1642; x_wconf 84' lang='lat' dir='ltr'>Quos</span> <span class='ocrx_word' id='word_1_86' title='bbox 886 1576 996 1631; x_wconf 89' lang='lat' dir='ltr'>temen</span> <span class='ocrx_word' id='word_1_87' title='bbox 1010 1591 1024 1622; x_wconf 83' lang='lat'>«</span> <span class='ocrx_word' id='word_1_88' title='bbox 1039 1567 1209 1630; x_wconf 89' lang='lat' dir='ltr'>technicos</span> <span class='ocrx_word' id='word_1_89' title='bbox 1221 1569 1377 1630; x_wconf 87' lang='lat' dir='ltr'>terminos</span> <span class='ocrx_word' id='word_1_90' title='bbox 1397 1593 1413 1622; x_wconf 64' lang='lat' dir='ltr'>s</span> 
     </span>
     <span class='ocr_line' id='line_1_12' title="bbox 296 1672 1413 1755; baseline -0.004 -17"><span class='ocrx_word' id='word_1_91' title='bbox 296 1677 382 1755; x_wconf 88' lang='lat' dir='ltr'>apud</span> <span class='ocrx_word' id='word_1_92' title='bbox 407 1673 542 1738; x_wconf 83' lang='lat' dir='ltr'>Festum</span> <span class='ocrx_word' id='word_1_93' title='bbox 564 1677 707 1755; x_wconf 86' lang='lat' dir='ltr'>repperi,</span> <span class='ocrx_word' id='word_1_94' title='bbox 734 1693 790 1738; x_wconf 89' lang='lat' dir='ltr'>eos</span> <span class='ocrx_word' id='word_1_95' title='bbox 813 1673 930 1738; x_wconf 89' lang='lat' dir='ltr'>Verrio</span> <span class='ocrx_word' id='word_1_96' title='bbox 954 1673 1133 1755; x_wconf 88' lang='lat' dir='ltr'>vindicavi,</span> <span class='ocrx_word' id='word_1_97' title='bbox 1161 1680 1253 1736; x_wconf 88' lang='lat' dir='ltr'>ratus</span> <span class='ocrx_word' id='word_1_98' title='bbox 1281 1672 1413 1737; x_wconf 83' lang='lat' dir='ltr'>Festum</span> 
     </span>
     <span class='ocr_line' id='line_1_13' title="bbox 295 1777 1412 1864; baseline -0.001 -21"><span class='ocrx_word' id='word_1_99' title='bbox 295 1780 489 1864; x_wconf 88' lang='lat' dir='ltr'>plerumque</span> <span class='ocrx_word' id='word_1_100' title='bbox 515 1788 571 1844; x_wconf 88' lang='lat' dir='ltr'>aut</span> <span class='ocrx_word' id='word_1_101' title='bbox 594 1782 667 1862; x_wconf 89' lang='lat' dir='ltr'>ipsa</span> <span class='ocrx_word' id='word_1_102' title='bbox 688 1783 740 1843; x_wconf 93' lang='lat' dir='ltr'>sui</span> <span class='ocrx_word' id='word_1_103' title='bbox 765 1784 908 1844; x_wconf 90' lang='lat' dir='ltr'>auctoris</span> <span class='ocrx_word' id='word_1_104' title='bbox 927 1781 1027 1843; x_wconf 84' lang='lat' dir='ltr'>verbe</span> <span class='ocrx_word' id='word_1_105' title='bbox 1049 1777 1228 1860; x_wconf 88' lang='lat' dir='ltr'>rettulisse,</span> <span class='ocrx_word' id='word_1_106' title='bbox 1252 1787 1320 1860; x_wconf 90' lang='lat' dir='ltr'>aut,</span> <span class='ocrx_word' id='word_1_107' title='bbox 1341 1797 1412 1860; x_wconf 87' lang='lat' dir='ltr'>quae</span> 
     </span>
     <span class='ocr_line' id='line_1_14' title="bbox 295 1885 1412 1968; baseline 0 -20"><span class='ocrx_word' id='word_1_108' title='bbox 295 1891 359 1968; x_wconf 92' lang='lat' dir='ltr'>ipsi</span> <span class='ocrx_word' id='word_1_109' title='bbox 373 1891 484 1950; x_wconf 89' lang='lat' dir='ltr'>minus</span> <span class='ocrx_word' id='word_1_110' title='bbox 499 1892 583 1951; x_wconf 89' lang='lat' dir='ltr'>scitu</span> <span class='ocrx_word' id='word_1_111' title='bbox 598 1887 693 1951; x_wconf 89' lang='lat' dir='ltr'>utilia</span> <span class='ocrx_word' id='word_1_112' title='bbox 705 1887 913 1967; x_wconf 86' lang='lat' dir='ltr'>videbantur,</span> <span class='ocrx_word' id='word_1_113' title='bbox 930 1887 1099 1968; x_wconf 84' lang='lat' dir='ltr'>recidisse,</span> <span class='ocrx_word' id='word_1_114' title='bbox 1120 1885 1177 1948; x_wconf 89' lang='lat' dir='ltr'>sed</span> <span class='ocrx_word' id='word_1_115' title='bbox 1191 1889 1357 1948; x_wconf 88' lang='lat' dir='ltr'>rarissime</span> <span class='ocrx_word' id='word_1_116' title='bbox 1372 1885 1412 1948; x_wconf 90' lang='lat' dir='ltr'>de</span> 
     </span>
     <span class='ocr_line' id='line_1_15' title="bbox 294 1992 1408 2073; baseline -0.004 -17"><span class='ocrx_word' id='word_1_117' title='bbox 294 2013 354 2058; x_wconf 88' lang='lat' dir='ltr'>suo</span> <span class='ocrx_word' id='word_1_118' title='bbox 368 1993 625 2057; x_wconf 64' lang='lat' dir='ltr'>accidentiis</span> <span class='ocrx_word' id='word_1_119' title='bbox 640 1992 761 2056; x_wconf 82' lang='lat' dir='ltr'>Paulo³</span> <span class='ocrx_word' id='word_1_120' title='bbox 777 2002 885 2056; x_wconf 90' lang='lat' dir='ltr'>autem</span> <span class='ocrx_word' id='word_1_121' title='bbox 899 1993 999 2055; x_wconf 86' lang='lat' dir='ltr'>eliam</span> <span class='ocrx_word' id='word_1_122' title='bbox 1010 1996 1171 2054; x_wconf 87' lang='lat' dir='ltr'>rationem</span> <span class='ocrx_word' id='word_1_123' title='bbox 1183 2001 1314 2055; x_wconf 90' lang='lat' dir='ltr'>secutus</span> <span class='ocrx_word' id='word_1_124' title='bbox 1325 2011 1408 2073; x_wconf 87' lang='lat' dir='ltr'>sum,</span> 
     </span>
     <span class='ocr_line' id='line_1_16' title="bbox 294 2099 1409 2183; baseline -0.004 -19"><span class='ocrx_word' id='word_1_125' title='bbox 294 2120 489 2183; x_wconf 89' lang='lat' dir='ltr'>quamquam</span> <span class='ocrx_word' id='word_1_126' title='bbox 512 2120 587 2165; x_wconf 90' lang='lat' dir='ltr'>eum</span> <span class='ocrx_word' id='word_1_127' title='bbox 607 2107 679 2182; x_wconf 87' lang='lat' dir='ltr'>ipsa</span> <span class='ocrx_word' id='word_1_128' title='bbox 699 2099 789 2162; x_wconf 82' lang='lat' dir='ltr'>Festi</span> <span class='ocrx_word' id='word_1_129' title='bbox 812 2101 912 2164; x_wconf 86' lang='lat' dir='ltr'>verba</span> <span class='ocrx_word' id='word_1_130' title='bbox 933 2104 969 2162; x_wconf 89' lang='lat' dir='ltr'>iu</span> <span class='ocrx_word' id='word_1_131' title='bbox 995 2101 1127 2162; x_wconf 85' lang='lat' dir='ltr'>brevius</span> <span class='ocrx_word' id='word_1_132' title='bbox 1151 2099 1282 2162; x_wconf 88' lang='lat' dir='ltr'>redacta</span> <span class='ocrx_word' id='word_1_133' title='bbox 1304 2100 1409 2162; x_wconf 90' lang='lat' dir='ltr'>reddi-</span> 
     </span>
     <span class='ocr_line' id='line_1_17' title="bbox 294 2205 1408 2290; baseline -0.002 -20"><span class='ocrx_word' id='word_1_134' title='bbox 294 2209 382 2270; x_wconf 89' lang='lat' dir='ltr'>disse</span> <span class='ocrx_word' id='word_1_135' title='bbox 403 2207 583 2271; x_wconf 79' lang='lat' dir='ltr'>Musnasa⁴</span> <span class='ocrx_word' id='word_1_136' title='bbox 606 2212 771 2290; x_wconf 89' lang='lat' dir='ltr'>opinatur.</span> <span class='ocrx_word' id='word_1_137' title='bbox 793 2207 857 2270; x_wconf 85' lang='lat' dir='ltr'>Sed</span> <span class='ocrx_word' id='word_1_138' title='bbox 880 2214 1039 2288; x_wconf 90' lang='lat' dir='ltr'>quantum</span> <span class='ocrx_word' id='word_1_139' title='bbox 1057 2205 1174 2268; x_wconf 88' lang='lat' dir='ltr'>Festus</span> <span class='ocrx_word' id='word_1_140' title='bbox 1189 2215 1221 2268; x_wconf 88' lang='lat' dir='ltr'>et</span> <span class='ocrx_word' id='word_1_141' title='bbox 1235 2205 1361 2269; x_wconf 89' lang='lat' dir='ltr'>Paulus</span> <span class='ocrx_word' id='word_1_142' title='bbox 1373 2209 1408 2268; x_wconf 91' lang='lat' dir='ltr'>in</span> 
     </span>
     <span class='ocr_line' id='line_1_18' title="bbox 292 2313 1408 2394; baseline -0.002 -19"><span class='ocrx_word' id='word_1_143' title='bbox 292 2314 460 2377; x_wconf 81' lang='lat' dir='ltr'>vocabulis</span> <span class='ocrx_word' id='word_1_144' title='bbox 475 2318 696 2393; x_wconf 80' lang='lat' dir='ltr'>grammaticis</span> <span class='ocrx_word' id='word_1_145' title='bbox 715 2314 914 2394; x_wconf 87' lang='lat' dir='ltr'>usurpandis</span> <span class='ocrx_word' id='word_1_146' title='bbox 934 2318 1020 2375; x_wconf 87' lang='lat' dir='ltr'>inter</span> <span class='ocrx_word' id='word_1_147' title='bbox 1041 2331 1075 2376; x_wconf 90' lang='lat' dir='ltr'>se</span> <span class='ocrx_word' id='word_1_148' title='bbox 1091 2313 1244 2375; x_wconf 86' lang='lat' dir='ltr'>differant</span> <span class='ocrx_word' id='word_1_149' title='bbox 1258 2314 1312 2375; x_wconf 92' lang='lat' dir='ltr'>his</span> <span class='ocrx_word' id='word_1_150' title='bbox 1328 2313 1408 2376; x_wconf 90' lang='lat' dir='ltr'>locis</span> 
     </span>
     <span class='ocr_line' id='line_1_19' title="bbox 291 2417 1405 2501; baseline -0.002 -19"><span class='ocrx_word' id='word_1_151' title='bbox 291 2425 370 2482; x_wconf 88' lang='lat' dir='ltr'>satis</span> <span class='ocrx_word' id='word_1_152' title='bbox 392 2423 569 2501; x_wconf 85' lang='lat' dir='ltr'>apparebit.</span> <span class='ocrx_word' id='word_1_153' title='bbox 594 2419 722 2501; x_wconf 89' lang='lat' dir='ltr'>Festus,</span> <span class='ocrx_word' id='word_1_154' title='bbox 746 2440 780 2501; x_wconf 87' lang='lat' dir='ltr'>p.</span> <span class='ocrx_word' id='word_1_155' title='bbox 803 2417 893 2482; x_wconf 83' lang='lat'>181:</span> <span class='ocrx_word' id='word_1_156' title='bbox 915 2443 929 2476; x_wconf 72' lang='grc' dir='ltr'><strong>α</strong></span> <span class='ocrx_word' id='word_1_157' title='bbox 948 2417 1052 2482; x_wconf 89' lang='lat' dir='ltr'>Ocius</span> <span class='ocrx_word' id='word_1_158' title='bbox 1071 2420 1207 2480; x_wconf 73' lang='lat' dir='ltr'>secundae</span> <span class='ocrx_word' id='word_1_159' title='bbox 1225 2421 1405 2497; x_wconf 76' lang='lat' dir='ltr'>collationis,</span> 
     </span>
     <span class='ocr_line' id='line_1_20' title="bbox 291 2523 1408 2606; baseline 0.002 -21"><span class='ocrx_word' id='word_1_160' title='bbox 291 2533 323 2588; x_wconf 92' lang='lat' dir='ltr'>et</span> <span class='ocrx_word' id='word_1_161' title='bbox 338 2525 456 2588; x_wconf 89' lang='lat' dir='ltr'>deinde</span> <span class='ocrx_word' id='word_1_162' title='bbox 472 2531 564 2588; x_wconf 83' lang='lat' dir='ltr'>tertia</span> <span class='ocrx_word' id='word_1_163' title='bbox 583 2531 755 2590; x_wconf 83' lang='lat' dir='ltr'>cecissimo</span> <span class='ocrx_word' id='word_1_164' title='bbox 776 2527 981 2606; x_wconf 86' lang='lat' dir='ltr'>frequentata</span> <span class='ocrx_word' id='word_1_165' title='bbox 1003 2533 1091 2588; x_wconf 90' lang='lat' dir='ltr'>sunt.</span> <span class='ocrx_word' id='word_1_166' title='bbox 1111 2523 1195 2605; x_wconf 84' lang='lat' dir='ltr'>(Alii</span> <span class='ocrx_word' id='word_1_167' title='bbox 1215 2527 1319 2589; x_wconf 89' lang='lat' dir='ltr'>dictas</span> <span class='ocrx_word' id='word_1_168' title='bbox 1333 2544 1408 2589; x_wconf 90' lang='lat' dir='ltr'>nos·</span> 
     </span>
     <span class='ocr_line' id='line_1_21' title="bbox 289 2629 1412 2716; baseline 0 -22"><span class='ocrx_word' id='word_1_169' title='bbox 289 2629 395 2715; x_wconf 73' lang='lat' dir='ltr'>trost)</span> <span class='ocrx_word' id='word_1_170' title='bbox 411 2640 512 2695; x_wconf 86' lang='lat' dir='ltr'>tracta</span> <span class='ocrx_word' id='word_1_171' title='bbox 526 2652 565 2696; x_wconf 81' lang='lat' dir='ltr'>ex</span> <span class='ocrx_word' id='word_1_172' title='bbox 581 2632 707 2713; x_wconf 73' lang='lat' dir='ltr'>Graeco,</span> <span class='ocrx_word' id='word_1_173' title='bbox 725 2633 760 2695; x_wconf 92' lang='lat' dir='ltr'>id</span> <span class='ocrx_word' id='word_1_174' title='bbox 776 2641 825 2695; x_wconf 90' lang='lat' dir='ltr'>est</span> <span class='ocrx_word' id='word_1_175' title='bbox 845 2629 957 2716; x_wconf 81' lang='grc' dir='ltr'>ὠκέως,</span> <span class='ocrx_word' id='word_1_176' title='bbox 975 2632 1070 2696; x_wconf 89' lang='lat' dir='ltr'>cuius</span> <span class='ocrx_word' id='word_1_177' title='bbox 1087 2636 1194 2710; x_wconf 80' lang='lat' dir='ltr'>primo</span> <span class='ocrx_word' id='word_1_178' title='bbox 1212 2635 1412 2712; x_wconf 79' lang='lat' dir='ltr'>stpotficotto,</span> 
     </span>
     <span class='ocr_line' id='line_1_22' title="bbox 289 2740 1403 2820; baseline 0.001 -19"><span class='ocrx_word' id='word_1_179' title='bbox 289 2759 327 2801; x_wconf 85' lang='lat' dir='ltr'>ex</span> <span class='ocrx_word' id='word_1_180' title='bbox 341 2757 407 2819; x_wconf 88' lang='lat' dir='ltr'>qua</span> <span class='ocrx_word' id='word_1_181' title='bbox 419 2741 595 2819; x_wconf 89' lang='lat' dir='ltr'>procedere</span> <span class='ocrx_word' id='word_1_182' title='bbox 609 2746 646 2802; x_wconf 91' lang='lat' dir='ltr'>in</span> <span class='ocrx_word' id='word_1_183' title='bbox 662 2745 940 2820; x_wconf 87' lang='lat' dir='ltr'>comparationem</span> <span class='ocrx_word' id='word_1_184' title='bbox 955 2741 1062 2818; x_wconf 86' lang='lat' dir='ltr'>debet,</span> <span class='ocrx_word' id='word_1_185' title='bbox 1080 2740 1167 2820; x_wconf 89' lang='lat' dir='ltr'>apud</span> <span class='ocrx_word' id='word_1_186' title='bbox 1187 2757 1247 2802; x_wconf 90' lang='lat' dir='ltr'>nos</span> <span class='ocrx_word' id='word_1_187' title='bbox 1263 2758 1330 2803; x_wconf 89' lang='lat' dir='ltr'>non</span> <span class='ocrx_word' id='word_1_188' title='bbox 1345 2749 1403 2819; x_wconf 89' lang='lat' dir='ltr'>est,</span> 
     </span>
     <span class='ocr_line' id='line_1_23' title="bbox 288 2844 1405 2927; baseline -0.002 -19"><span class='ocrx_word' id='word_1_189' title='bbox 288 2854 350 2908; x_wconf 89' lang='lat' dir='ltr'>etc.</span> <span class='ocrx_word' id='word_1_190' title='bbox 364 2871 378 2900; x_wconf 87' lang='lat'>»</span> <span class='ocrx_word' id='word_1_191' title='bbox 393 2846 533 2925; x_wconf 89' lang='lat' dir='ltr'>Paulus,</span> <span class='ocrx_word' id='word_1_192' title='bbox 552 2869 583 2927; x_wconf 89' lang='lat' dir='ltr'>p.</span> <span class='ocrx_word' id='word_1_193' title='bbox 600 2844 663 2908; x_wconf 83' lang='lat'>180</span> <span class='ocrx_word' id='word_1_194' title='bbox 681 2869 688 2909; x_wconf 74' lang='grc' dir='ltr'>ε</span> <span class='ocrx_word' id='word_1_195' title='bbox 709 2846 839 2910; x_wconf 82' lang='lat' dir='ltr'>«Ocius</span> <span class='ocrx_word' id='word_1_196' title='bbox 855 2855 887 2908; x_wconf 89' lang='lat' dir='ltr'>et</span> <span class='ocrx_word' id='word_1_197' title='bbox 903 2847 1057 2910; x_wconf 89' lang='lat' dir='ltr'>ocissime</span> <span class='ocrx_word' id='word_1_198' title='bbox 1070 2850 1236 2924; x_wconf 79' lang='lat' dir='ltr'>positivum</span> <span class='ocrx_word' id='word_1_199' title='bbox 1251 2847 1405 2909; x_wconf 89' lang='lat' dir='ltr'>Latinum</span> 
     </span>
     <span class='ocr_line' id='line_1_24' title="bbox 287 2943 1402 3033; baseline 0.001 -19"><span class='ocrx_word' id='word_1_200' title='bbox 287 2971 355 3015; x_wconf 89' lang='lat' dir='ltr'>non</span> <span class='ocrx_word' id='word_1_201' title='bbox 369 2952 501 3033; x_wconf 87' lang='lat' dir='ltr'>hahent,</span> <span class='ocrx_word' id='word_1_202' title='bbox 521 2954 576 3016; x_wconf 89' lang='lat' dir='ltr'>sed</span> <span class='ocrx_word' id='word_1_203' title='bbox 602 2955 642 3015; x_wconf 86' lang='lat' dir='ltr'>ab</span> <span class='ocrx_word' id='word_1_204' title='bbox 667 2971 704 3016; x_wconf 91' lang='lat' dir='ltr'>eo</span> <span class='ocrx_word' id='word_1_205' title='bbox 726 2958 875 3033; x_wconf 86' lang='lat' dir='ltr'>veniunt,</span> <span class='ocrx_word' id='word_1_206' title='bbox 890 2943 980 3033; x_wconf 85' lang='lat' dir='ltr'>¹quod</span> <span class='ocrx_word' id='word_1_207' title='bbox 1003 2960 1052 3014; x_wconf 90' lang='lat' dir='ltr'>est</span> <span class='ocrx_word' id='word_1_208' title='bbox 1074 2957 1110 3014; x_wconf 92' lang='lat' dir='ltr'>in</span> <span class='ocrx_word' id='word_1_209' title='bbox 1123 2952 1239 3028; x_wconf 80' lang='lat' dir='ltr'>Graeco</span> <span class='ocrx_word' id='word_1_210' title='bbox 1252 2949 1402 3030; x_wconf 85' lang='grc' dir='ltr'>ὠκέως.»</span> 
     </span>
     <span class='ocr_line' id='line_1_25' title="bbox 287 3057 1401 3142; baseline 0 -22"><span class='ocrx_word' id='word_1_211' title='bbox 287 3059 415 3142; x_wconf 78' lang='lat' dir='ltr'>FestuS,</span> <span class='ocrx_word' id='word_1_212' title='bbox 432 3081 464 3140; x_wconf 91' lang='lat' dir='ltr'>p.</span> <span class='ocrx_word' id='word_1_213' title='bbox 479 3059 543 3122; x_wconf 76' lang='lat'>286</span> <span class='ocrx_word' id='word_1_214' title='bbox 558 3082 564 3123; x_wconf 91' lang='lat'>:</span> <span class='ocrx_word' id='word_1_215' title='bbox 581 3086 596 3116; x_wconf 72' lang='lat' dir='ltr'>a</span> <span class='ocrx_word' id='word_1_216' title='bbox 610 3061 932 3141; x_wconf 82' lang='lat' dir='ltr'>Repulslorsecuudc</span> <span class='ocrx_word' id='word_1_217' title='bbox 942 3062 1106 3122; x_wconf 77' lang='lat' dir='ltr'>conlatione</span> <span class='ocrx_word' id='word_1_218' title='bbox 1117 3062 1200 3123; x_wconf 84' lang='lat' dir='ltr'>dixit</span> <span class='ocrx_word' id='word_1_219' title='bbox 1212 3057 1304 3139; x_wconf 89' lang='lat' dir='ltr'>Cato,</span> <span class='ocrx_word' id='word_1_220' title='bbox 1319 3067 1401 3121; x_wconf 80' lang='lat' dir='ltr'>etc.»</span> 
     </span>
     <span class='ocr_line' id='line_1_26' title="bbox 286 3163 1400 3250; baseline -0.001 -22"><span class='ocrx_word' id='word_1_221' title='bbox 286 3167 422 3250; x_wconf 57' lang='lat' dir='ltr'>Paulus,</span> <span class='ocrx_word' id='word_1_222' title='bbox 433 3165 536 3248; x_wconf 71' lang='lat' dir='ltr'>pist</span> <span class='ocrx_word' id='word_1_223' title='bbox 551 3189 557 3229; x_wconf 95' lang='lat'><strong>:</strong></span> <span class='ocrx_word' id='word_1_224' title='bbox 571 3193 586 3222; x_wconf 82' lang='grc'>«</span> <span class='ocrx_word' id='word_1_225' title='bbox 598 3169 779 3249; x_wconf 89' lang='lat' dir='ltr'>Repulsior</span> <span class='ocrx_word' id='word_1_226' title='bbox 789 3166 871 3230; x_wconf 86' lang='lat' dir='ltr'>Cato</span> <span class='ocrx_word' id='word_1_227' title='bbox 882 3169 965 3230; x_wconf 83' lang='lat' dir='ltr'>dixit</span> <span class='ocrx_word' id='word_1_228' title='bbox 975 3172 1180 3246; x_wconf 77' lang='lat' dir='ltr'>coorporotioe</span> <span class='ocrx_word' id='word_1_229' title='bbox 1191 3163 1400 3246; x_wconf 79' lang='lat' dir='ltr'>arepulso⁵.»</span> 
     </span>
     <span class='ocr_line' id='line_1_27' title="bbox 286 3270 1402 3352; baseline -0.004 -16"><span class='ocrx_word' id='word_1_230' title='bbox 286 3273 315 3336; x_wconf 94' lang='lat' dir='ltr'>N</span> <span class='ocrx_word' id='word_1_231' title='bbox 319 3274 423 3338; x_wconf 69' lang='lat' dir='ltr'>&#39;ullam</span> <span class='ocrx_word' id='word_1_232' title='bbox 439 3293 517 3352; x_wconf 89' lang='lat' dir='ltr'>ergo</span> <span class='ocrx_word' id='word_1_233' title='bbox 531 3274 637 3338; x_wconf 90' lang='lat' dir='ltr'>Paulo</span> <span class='ocrx_word' id='word_1_234' title='bbox 652 3276 752 3336; x_wconf 88' lang='lat' dir='ltr'>fidem</span> <span class='ocrx_word' id='word_1_235' title='bbox 773 3277 918 3337; x_wconf 83' lang='lat' dir='ltr'>tribuere</span> <span class='ocrx_word' id='word_1_236' title='bbox 941 3275 980 3336; x_wconf 90' lang='lat' dir='ltr'>de</span> <span class='ocrx_word' id='word_1_237' title='bbox 996 3271 1166 3336; x_wconf 85' lang='lat' dir='ltr'>vocabulis</span> <span class='ocrx_word' id='word_1_238' title='bbox 1182 3270 1402 3350; x_wconf 67' lang='lat' dir='ltr'>grammaticis</span> 
     </span>
     <span class='ocr_line' id='line_1_28' title="bbox 283 3367 1404 3462; baseline -0.004 -20"><span class='ocrx_word' id='word_1_239' title='bbox 283 3381 373 3444; x_wconf 87' lang='lat' dir='ltr'>lic&#39;et.</span> <span class='ocrx_word' id='word_1_240' title='bbox 391 3383 453 3443; x_wconf 92' lang='lat' dir='ltr'>His</span> <span class='ocrx_word' id='word_1_241' title='bbox 475 3385 583 3444; x_wconf 89' lang='lat' dir='ltr'>causis</span> <span class='ocrx_word' id='word_1_242' title='bbox 605 3399 767 3462; x_wconf 81' lang='lat' dir='ltr'>perpauca</span> <span class='ocrx_word' id='word_1_243' title='bbox 787 3379 899 3443; x_wconf 87' lang='lat' dir='ltr'>Verrii</span> <span class='ocrx_word' id='word_1_244' title='bbox 919 3379 1078 3443; x_wconf 86' lang='lat' dir='ltr'>vocabula</span> <span class='ocrx_word' id='word_1_245' title='bbox 1098 3384 1134 3442; x_wconf 90' lang='lat' dir='ltr'>iu</span> <span class='ocrx_word' id='word_1_246' title='bbox 1148 3381 1212 3442; x_wconf 92' lang='lat' dir='ltr'>hoc</span> <span class='ocrx_word' id='word_1_247' title='bbox 1227 3367 1342 3441; x_wconf 83' lang='lat' dir='ltr'>libello</span> <span class='ocrx_word' id='word_1_248' title='bbox 1358 3381 1404 3440; x_wconf 80' lang='lat' dir='ltr'>ci·</span> 
     </span>
     <span class='ocr_line' id='line_1_29' title="bbox 283 3479 1400 3568; baseline -0.006 -17"><span class='ocrx_word' id='word_1_249' title='bbox 283 3497 393 3551; x_wconf 89' lang='lat' dir='ltr'>tantur</span> <span class='ocrx_word' id='word_1_250' title='bbox 410 3499 508 3568; x_wconf 76' lang='lat' dir='ltr'>:quae</span> <span class='ocrx_word' id='word_1_251' title='bbox 524 3506 583 3550; x_wconf 88' lang='lat' dir='ltr'>suo</span> <span class='ocrx_word' id='word_1_252' title='bbox 598 3488 670 3550; x_wconf 94' lang='lat' dir='ltr'>loco</span> <span class='ocrx_word' id='word_1_253' title='bbox 685 3488 911 3550; x_wconf 87' lang='lat' dir='ltr'>invenientur.</span> <span class='ocrx_word' id='word_1_254' title='bbox 928 3486 1014 3548; x_wconf 89' lang='lat' dir='ltr'>Vide</span> <span class='ocrx_word' id='word_1_255' title='bbox 1030 3495 1140 3548; x_wconf 87' lang='lat' dir='ltr'>tamen</span> <span class='ocrx_word' id='word_1_256' title='bbox 1154 3483 1259 3548; x_wconf 75' lang='lat' dir='ltr'>infra⁶</span> <span class='ocrx_word' id='word_1_257' title='bbox 1272 3502 1346 3565; x_wconf 83' lang='lat' dir='ltr'>quae</span> <span class='ocrx_word' id='word_1_258' title='bbox 1361 3479 1400 3546; x_wconf 86' lang='lat' dir='ltr'>de</span> 
     </span>
     <span class='ocr_line' id='line_1_30' title="bbox 281 3579 1407 3674; baseline -0.004 -18"><span class='ocrx_word' id='word_1_259' title='bbox 281 3595 466 3658; x_wconf 88' lang='lat' dir='ltr'>masculino</span> <span class='ocrx_word' id='word_1_260' title='bbox 482 3603 514 3657; x_wconf 89' lang='lat' dir='ltr'>et</span> <span class='ocrx_word' id='word_1_261' title='bbox 528 3595 688 3657; x_wconf 80' lang='lat' dir='ltr'>felninino</span> <span class='ocrx_word' id='word_1_262' title='bbox 706 3594 871 3674; x_wconf 87' lang='lat' dir='ltr'>dicuntur,</span> <span class='ocrx_word' id='word_1_263' title='bbox 884 3599 920 3655; x_wconf 91' lang='lat' dir='ltr'>ut</span> <span class='ocrx_word' id='word_1_264' title='bbox 934 3592 1032 3672; x_wconf 87' lang='lat' dir='ltr'>plane</span> <span class='ocrx_word' id='word_1_265' title='bbox 1048 3593 1222 3671; x_wconf 81' lang='lat' dir='ltr'>intellegas</span> <span class='ocrx_word' id='word_1_266' title='bbox 1237 3579 1335 3672; x_wconf 87' lang='lat' dir='ltr'>quam</span> <span class='ocrx_word' id='word_1_267' title='bbox 1350 3593 1407 3653; x_wconf 50' lang='lat' dir='ltr'>inv</span> 
     </span>
    </p>
   </div>
   <div class='ocr_carea' id='block_1_3' title="bbox 282 3797 496 3810">
    <p class='ocr_par' dir='ltr' id='par_1_3' title="bbox 282 3797 496 3810">
     <span class='ocr_line' id='line_1_31' title="bbox 282 3797 496 3810; baseline -0.009 -1"><span class='ocrx_word' id='word_1_268' title='bbox 282 3797 496 3810; x_wconf 73' lang='lat'><em>——-———-·</em></span> 
     </span>
    </p>
   </div>
   <div class='ocr_carea' id='block_1_4' title="bbox 301 3939 1135 4300">
    <p class='ocr_par' dir='ltr' id='par_1_4' title="bbox 301 3939 1135 4300">
     <span class='ocr_line' id='line_1_32' title="bbox 305 3939 1060 4002; baseline 0.004 -16"><span class='ocrx_word' id='word_1_269' title='bbox 305 3949 324 3989; x_wconf 93' lang='lat'>1.</span> <span class='ocrx_word' id='word_1_270' title='bbox 338 3939 383 3988; x_wconf 82' lang='lat' dir='ltr'>libi</span> <span class='ocrx_word' id='word_1_271' title='bbox 394 3961 403 3981; x_wconf 77' lang='grc' dir='ltr'><strong>α</strong></span> <span class='ocrx_word' id='word_1_272' title='bbox 416 3945 461 3988; x_wconf 86' lang='lat' dir='ltr'>etc.</span> <span class='ocrx_word' id='word_1_273' title='bbox 474 3960 483 3980; x_wconf 70' lang='lat' dir='ltr'>r</span> <span class='ocrx_word' id='word_1_274' title='bbox 495 3953 569 3998; x_wconf 89' lang='lat' dir='ltr'>pono,</span> <span class='ocrx_word' id='word_1_275' title='bbox 580 3941 645 3999; x_wconf 87' lang='lat' dir='ltr'>opud</span> <span class='ocrx_word' id='word_1_276' title='bbox 656 3943 754 3988; x_wconf 85' lang='lat' dir='ltr'>Festum</span> <span class='ocrx_word' id='word_1_277' title='bbox 766 3942 926 4000; x_wconf 87' lang='lat' dir='ltr'>proferuntur</span> <span class='ocrx_word' id='word_1_278' title='bbox 936 3943 1060 4002; x_wconf 81' lang='lat' dir='ltr'>exempla.</span> 
     </span>
     <span class='ocr_line' id='line_1_33' title="bbox 303 4005 675 4061; baseline -0.005 -10"><span class='ocrx_word' id='word_1_279' title='bbox 303 4013 323 4051; x_wconf 76' lang='lat'>2.</span> <span class='ocrx_word' id='word_1_280' title='bbox 338 4005 447 4060; x_wconf 88' lang='lat' dir='ltr'>Mueller,</span> <span class='ocrx_word' id='word_1_281' title='bbox 458 4005 561 4060; x_wconf 73' lang='lat' dir='ltr'>preerat,</span> <span class='ocrx_word' id='word_1_282' title='bbox 572 4017 596 4061; x_wconf 82' lang='lat' dir='ltr'>p.</span> <span class='ocrx_word' id='word_1_283' title='bbox 608 4017 675 4050; x_wconf 75' lang='lat' dir='ltr'>xxxi.</span> 
     </span>
     <span class='ocr_line' id='line_1_34' title="bbox 303 4065 1135 4125; baseline 0 -13"><span class='ocrx_word' id='word_1_284' title='bbox 303 4073 323 4114; x_wconf 78' lang='grc'>3,</span> <span class='ocrx_word' id='word_1_285' title='bbox 340 4066 482 4114; x_wconf 74' lang='lat' dir='ltr'>Clirlstiauae</span> <span class='ocrx_word' id='word_1_286' title='bbox 492 4065 605 4112; x_wconf 70' lang='lat' dir='ltr'>ecclcsiae</span> <span class='ocrx_word' id='word_1_287' title='bbox 615 4067 729 4112; x_wconf 85' lang='lat' dir='ltr'>sacerdos</span> <span class='ocrx_word' id='word_1_288' title='bbox 739 4069 763 4112; x_wconf 88' lang='lat' dir='ltr'>et</span> <span class='ocrx_word' id='word_1_289' title='bbox 775 4067 860 4114; x_wconf 77' lang='lat' dir='ltr'>carolo</span> <span class='ocrx_word' id='word_1_290' title='bbox 870 4067 957 4124; x_wconf 82' lang='lat' dir='ltr'>Magno</span> <span class='ocrx_word' id='word_1_291' title='bbox 967 4067 1071 4125; x_wconf 70' lang='lat' dir='ltr'>aequalis</span> <span class='ocrx_word' id='word_1_292' title='bbox 1082 4066 1135 4112; x_wconf 84' lang='lat' dir='ltr'>tuit.</span> 
     </span>
     <span class='ocr_line' id='line_1_35' title="bbox 301 4130 726 4300; baseline 0.002 -67"><span class='ocrx_word' id='word_1_293' title='bbox 301 4134 323 4300; x_wconf 71' lang='grc' dir='ltr'>Ξ.</span> <span class='ocrx_word' id='word_1_294' title='bbox 338 4130 587 4300; x_wconf 44' lang='grc' dir='ltr'>Ξέθὲωξωέὠωώῐῑξινωω,</span> <span class='ocrx_word' id='word_1_295' title='bbox 599 4203 622 4248; x_wconf 91' lang='lat' dir='ltr'>p.</span> <span class='ocrx_word' id='word_1_296' title='bbox 634 4196 668 4246; x_wconf 83' lang='lat' dir='ltr'>ol,</span> <span class='ocrx_word' id='word_1_297' title='bbox 682 4196 726 4237; x_wconf 77' lang='lat' dir='ltr'>tas.</span> 
     </span>
     <span class='ocr_line' id='line_1_36' title="bbox 318 4261 749 4300; baseline -0.005 -3"><span class='ocrx_word' id='word_1_298' title='bbox 318 4287 322 4297; x_wconf 89' lang='lat'><em>.</em></span> <span class='ocrx_word' id='word_1_299' title='bbox 356 4261 405 4300; x_wconf 85' lang='lat' dir='ltr'>.e.</span> <span class='ocrx_word' id='word_1_300' title='bbox 726 4267 749 4273; x_wconf 37' lang='lat'>¹⁸·</span> 
     </span>
    </p>
   </div>
   <div class='ocr_carea' id='block_1_5' title="bbox 0 0 1566 5050">
    <p class='ocr_par' dir='ltr' id='par_1_5' title="bbox 0 0 1566 5050">
     <span class='ocr_line' id='line_1_37' title="bbox 0 0 1566 5050; baseline 0 2"><span class='ocrx_word' id='word_1_301' title='bbox 0 0 1566 5050; x_wconf 95' lang='lat' dir='ltr'> </span> 
     </span>
    </p>
   </div>
  </div>
 </body>
</html>
