3214 5054
617 465 839 529 „87-

168 605 233 684 jam
253 601 565 685 deprehendimus¹.
590 609 713 670 Ordinis
734 605 844 687 vero²,
869 613 924 668 aut
946 603 1118 667 ordirroiio⁸
1139 607 1288 668 ordinem

171 712 366 791 significant,
381 713 499 776 atinde
511 731 632 776 nomen
643 715 818 791 duxerunt,
832 721 869 776 ut
882 713 970 793 apud
985 711 1116 773 Graeoos
1130 709 1289 782 rauciret*

171 837 187 878 e
209 819 344 880 notione
366 817 499 896 τάξεως.
526 819 586 880 Hae
611 821 684 900 duae
711 821 853 901 species,
882 835 954 898 quae
978 817 1064 898 apud
1088 816 1288 896 Dionysium

170 925 343 985 nominatae
368 943 405 987 ao
437 923 582 986 definitae
610 929 840 1006 inveniuntur,
870 927 941 1005 ejus
970 923 1118 1003 exemplo
1143 941 1162 984 a
1184 923 1289 986 Palae*

171 1048 263 1093 mone
288 1034 360 1093 sine
384 1031 485 1093 dubio
507 1039 647 1112 receptae
671 1039 747 1094 sunt
772 1039 803 1094 et
827 1031 1065 1111 posterioribus
1089 1029 1287 1109 artigraphis

172 1138 307 1219 traditae,
329 1137 387 1200 sed
408 1139 509 1201 itaut
530 1156 598 1201 nou
618 1159 678 1219 per
700 1163 714 1194 α
733 1140 900 1210 technicas
920 1164 934 1192 »
955 1156 1031 1202 rere
1050 1136 1287 1218 appellationes

170 1245 430 1324 insignirentur:
446 1264 526 1324 quas
542 1245 778 1326 appellationes
794 1245 986 1308 Priscianus
1001 1262 1128 1307 creasse
1143 1245 1283 1307 videtur.

212 1351 361 1412 Tertium
375 1357 486 1412 autem
496 1357 545 1412 est
560 1349 783 1414 numeralium
792 1367 1007 1412 numerorum
1021 1366 1138 1429 genus,
1153 1365 1288 1426 agraeca

170 1457 282 1535 lingua
304 1458 465 1540 alienum,
498 1476 612 1520 eorum
638 1458 766 1520 scilicet
791 1482 804 1512 ‹<
830 1462 962 1538 quaein
986 1455 1107 1520 multos
1133 1457 1287 1518 distribui

169 1563 310 1626 eundem
332 1563 523 1642 significant
544 1581 731 1644 numerum,
761 1572 797 1627 ut
822 1565 955 1641 sinuatos
979 1562 1143 1625 habebant
1174 1561 1287 1625 oeulos

172 1666 359 1749 Cyclopes⁵.
381 1693 396 1722 r
416 1669 487 1732 Hoc
512 1676 586 1740 ante
608 1668 819 1732 Priscianum
839 1664 926 1749 apud
947 1668 1079 1731 nullum
1098 1671 1286 1748 grammati·

170 1793 241 1836 cum
257 1775 464 1838 observatum
479 1776 583 1838 fuisse
597 1777 739 1857 repperi,
755 1776 862 1856 credo,
877 1777 954 1856 quia
968 1793 1075 1854 neque
1091 1793 1110 1835 a
1124 1773 1286 1854 Dionysio

169 1899 271 1961 neque
289 1900 308 1942 a
322 1881 509 1945 Palaemone
524 1882 696 1960 dignotum
711 1882 828 1944 iuerat.
847 1881 1056 1946 Priscianum
1071 1883 1181 1960 itaque
1196 1879 1286 1942 adid

168 1989 423 2070 nuncupandum
442 1989 531 2052 haud
551 1989 688 2070 paulum
708 1989 913 2050 haesitavisse
935 1994 1080 2068 apparet,
1099 2005 1173 2050 cum
1193 1992 1285 2066 quat-

168 2102 240 2158 tuor
253 2095 530 2176 appellationibus
544 2114 625 2159 usus
641 2097 695 2157 sit.
715 2095 796 2174 Ejus
812 2099 901 2156 enim
911 2095 1041 2174 generis
1051 2093 1186 2155 nomina
1196 2111 1284 2154 nunc

168 2200 374 2281 dispartitioo⁶
389 2204 481 2282 dicit,
500 2221 588 2264 nunc
603 2202 730 2262 dividuo
740 2200 761 2283 ⁷,
779 2219 868 2263 nuno
884 2195 1106 2276 distributivo⁸,
1125 2216 1213 2260 nunc
1227 2201 1284 2258 iru-

165 2306 338 2386 pertitioo⁹.
352 2333 367 2364 α
376 2307 542 2371 Dividuus
553 2333 568 2363 »
579 2327 656 2371 vero
665 2307 861 2371 vocabulum
869 2306 938 2386 jam
948 2305 1035 2386 apud
1045 2299 1280 2383 Ciceronem¹⁰,

165 2416 206 2478 ad
219 2434 270 2478 res
284 2433 356 2495 quae
368 2416 474 2481 dividi
488 2422 626 2496 possunt
640 2414 872 2492 designandas,
886 2415 1044 2476 usitatum
1059 2420 1119 2474 est.
1135 2434 1149 2465 α
1163 2410 1284 2474 Distri-

127 2559 130 2564 -
166 2524 298 2585 butivus
316 2547 345 2603 r,
363 2521 452 2602 quod
466 2522 555 2602 apud
574 2541 635 2584 nos
651 2523 795 2587 obtiniut
810 2517 903 2603 (gall.
922 2515 1117 2600 distributis),
1136 2526 1168 2581 et
1185 2543 1199 2572 «
1218 2519 1284 2580 dis·
1320 2531 1327 2547 ·

165 2631 338 2710 partitivus
354 2655 370 2684 2>
394 2647 432 2690 ex
454 2647 554 2691 sensu
573 2645 703 2709 quoque
722 2628 861 2690 formata
882 2634 969 2689 sunt.
990 2650 1004 2680 ι
1023 2625 1248 2705 Impertitirus
1266 2651 1281 2680 »

163 2735 306 2816 denique
322 2754 338 2797 e
353 2719 458 2812 graeco
474 2732 752 2820 ε’πιμεριζόμενος11
763 2734 952 2802 adverbum
967 2732 1153 2794 traductum
1164 2740 1213 2794 est
1225 2727 1280 2816 (cf.

165 2839 213 2908 ἐπι
228 2849 260 2904 et
275 2845 322 2920 iu,
340 2840 502 2928 μερίζομαι
518 2839 730 2926 -μεριζὸμενος
745 2847 776 2902 et
787 2843 909 2920 portior
924 2835 1125 2922 partitione).

572 3060 628 3123 Do
650 3056 874 3136 adjectivis.

207 3234 427 3295 Transeamus
442 3217 581 3294 nuncad
597 3231 759 3310 adjectiva,
772 3231 892 3310 quibus
903 3229 1104 3308 subjiciendi
1114 3233 1190 3290 sunt
1205 3246 1282 3289 oont-
1336 3226 1340 3232 ’

161 3342 333 3416 paretioair
352 3339 480 3417 prodas.
497 3338 671 3418 Adjectiva
686 3345 812 3399 veteres
832 3336 1037 3414 grammatici
1056 3337 1143 3397 inter
1157 3338 1283 3415 species

166 3465 378 3478 ——·—-——-——u-·

189 3526 208 3563 1.
223 3520 258 3565 De
266 3518 341 3578 fiper.
352 3530 457 3569 narrar..
468 3518 495 3563 K.
506 3517 546 3571 ΙΙΙ,
558 3529 581 3574 p.
592 3522 640 3571 412,
651 3521 699 3561 416.

188 3585 207 3624 2.
223 3581 319 3634 Donat,
329 3579 343 3624 Ι.
355 3591 387 3633 c.;
398 3578 511 3625 ordinem
521 3577 700 3637 siyaifiraoiio,
710 3577 790 3632 Char,
801 3575 887 3631 Diem,
897 3577 953 3630 otc,
963 3573 978 3619 i.
991 3585 1011 3619 c.

188 3648 208 3686 ³.
223 3641 308 3696 Prisc,
317 3640 332 3686 i.
344 3653 362 3686 c.

186 3709 207 3748 4.
223 3704 324 3761 Dionys.
335 3703 398 3758 Thr,
409 3701 425 3748 l.
436 3714 454 3748 c.

187 3769 207 3810 5.
223 3765 308 3819 Prisc,
318 3766 352 3810 lie
361 3763 435 3824 fiper.
448 3775 553 3817 aomar,
563 3764 591 3810 K.
602 3765 642 3820 111,
652 3777 676 3822 p.
686 3770 735 3809 41³.

187 3833 208 3872 o.
222 3825 307 3880 Prisc,
318 3824 333 3870 l.
344 3837 364 3870 e.

187 3886 372 3944 aKffipm

186 3952 206 3993 8.
220 3949 249 3994 K.
260 3949 302 4002 ΙΙΙ,
311 3960 335 4005 p.
348 3955 381 4003 lt,
392 3953 439 3994 att.

186 4017 207 4055 a.
221 4011 250 4056 K.
263 4011 304 4065 ΙΙΙ,
315 4023 338 4068 p.
350 4017 383 4055 13.

187 4077 220 4122 10.
235 4073 271 4116 De
280 4076 366 4117 autur.
377 4071 488 4124 deorum,
499 4077 520 4126 8,
532 4076 565 4114 aa.

177 4140 220 4178 .11.
236 4134 335 4190 Dionys.
348 4135 483 4191 Thr.,p.41.
490 4134 542 4178 Non
552 4132 625 4190 plano
636 4131 722 4178 eodem
734 4143 809 4178 sensu
818 4143 869 4189 quo
879 4143 925 4176 nos
935 4128 1091 4176 distributiva
1101 4129 1215 4184 dicimus,
1225 4140 1283 4175 cum

159 4195 194 4242 ita
209 4199 308 4254 ίιᾰτιμς,
323 4201 403 4246 trano<
415 4195 588 4252 designantur.
603 4195 649 4242 Sed
663 4195 803 4240 Priscianus
814 4205 917 4250 *quoque
927 4193 964 4246 (K.
979 4193 1008 4248 11,
1018 4205 1041 4249 p.
1053 4195 1087 4247 61)
1098 4191 1123 4236 in
1139 4203 1214 4236 unam
1229 4201 1284 4236 ean-

160 4258 268 4316 demque
278 4258 387 4316 speciem
400 4276 409 4298 ι
421 4261 534 4315 uterque,
545 4258 668 4313 alteruter,
678 4257 794 4314 quisque,
804 4255 865 4312 bini,
877 4254 982 4310 centeni,
993 4258 1039 4300 etc.
1050 4271 1070 4309 ι,
1080 4253 1219 4300 collocavit.
