3124 5050
760 437 983 502 ..32.„

314 581 554 644 institutionem
570 598 746 660 puerorum
760 581 904 644 breviter
914 581 953 644 de
966 584 1122 644 universa
1136 588 1206 644 arte
1221 584 1443 660 grammatica

312 694 344 748 et
359 686 397 748 dc
413 688 527 749 metris
541 689 695 766 scripisse
710 704 787 750 suos
802 685 947 768 libellos,
965 721 1009 732 -
1022 687 1143 751 horum
1157 689 1247 750 enim
1257 689 1323 752 duo
1333 693 1440 768 primi

311 795 357 854 ita
378 795 551 872 compositi
576 801 664 874 sunt,
690 801 727 855 nt
751 795 844 856 fictas
867 797 1143 872 interrogationes
1166 811 1326 874 responsa
1347 798 1440 858 exci-

311 907 426 980 perent
437 918 496 978 -ς
513 899 632 962 deinde
647 900 686 961 de
698 899 872 962 elementis
887 901 967 964 artis
983 909 1014 963 et
1025 901 1064 962 de
1076 901 1313 980 orthographia
1323 907 1438 984 copio-

312 1009 382 1068 sius
397 1005 437 1066 ad
447 1005 651 1068 eruditorum
665 1024 761 1068 usum
774 1007 995 1087 disputavisse
1011 1007 1046 1068 in
1061 1015 1152 1087 parte
1163 1007 1297 1087 majoris
1309 1013 1435 1090 operis,

311 1129 383 1192 quae
400 1111 471 1192 ejus
485 1117 546 1174 est.
565 1111 720 1175 Ceterum
734 1114 768 1174 in
784 1113 936 1193 pluribus
952 1111 1034 1176 locis
1050 1113 1089 1174 ad
1104 1114 1241 1175 verbum
1254 1131 1330 1176 cum
1347 1113 1438 1177 Cha·

312 1223 404 1300 risio,
426 1218 567 1301 Donate,
589 1219 763 1302 Diomede,
786 1219 946 1282 Dositheo
967 1220 1131 1300 congruit,
1159 1227 1224 1282 «et
1244 1224 1280 1282 in
1302 1238 1438 1302 compo-

312 1324 430 1388 nendis
441 1324 494 1386 vel
505 1325 718 1406 excerpendis
730 1325 772 1388 iis
782 1343 854 1406 quae
865 1327 907 1388 ah
917 1327 1063 1407 antiquis
1073 1326 1289 1407 scriptoribus
1298 1330 1438 1392 inventa

313 1437 405 1494 erant
418 1449 480 1494 nec
495 1431 691 1509 diligentem
704 1450 767 1496 nec
780 1436 925 1512 peritum
939 1437 1020 1496 artis
1034 1451 1069 1496 se
1084 1435 1225 1514 praebuit
1237 1429 1245 1460 ¹
1264 1459 1294 1496 ».

356 1538 492 1601 Aelium
515 1539 681 1602 Donatum
708 1538 822 1602 nullus
851 1538 987 1602 illorum
1013 1547 1200 1620 temporum
1223 1542 1437 1622 artigraphus

312 1648 398 1709 lama
411 1651 444 1706 et
457 1646 649 1708 anctoritate
663 1646 819 1727 aequavit3
832 1644 961 1708 nullius
970 1646 1057 1726 apud
1071 1652 1219 1727 posteros
1228 1647 1438 1728 frequentior

312 1755 470 1816 memoria
490 1752 566 1815 init.
591 1750 691 1815 Illius
715 1754 805 1816 enim
829 1770 928 1833 opera
948 1757 985 1815 in
1006 1752 1130 1816 scholis
1149 1771 1225 1816 mox
1246 1755 1315 1818 iere
1334 1756 1437 1818 unica

312 1867 469 1941 usurpata
483 1878 554 1922 esse
568 1859 738 1940 videntur,
761 1860 882 1922 inillis
896 1860 1093 1924 adnotandis
1107 1860 1206 1923 multi
1225 1867 1435 1939 grammatici

312 1972 413 2030 totam
427 1984 560 2045 operam
574 1985 667 2030 suam
681 1974 883 2030 navaverunt
894 1964 921 2046 ’3
943 1975 1039 2047 atque
1054 1967 1125 2030 haec
1139 1971 1256 2048 gratia,
1275 1972 1435 2032 continuo

312 2092 375 2135 usu
390 2089 449 2152 per
461 2072 608 2135 medium
623 2090 728 2136 aevum
741 2081 928 2153 propagata,
943 2073 1073 2136 duravit
1083 2077 1182 2136 etiam
1196 2082 1269 2155 post
1280 2081 1436 2154 typogra-

311 2178 444 2260 phicam
457 2186 560 2241 artem
574 2181 753 2241 inventam.
773 2177 845 2252 Quo
860 2185 1006 2259 tempore
1021 2197 1108 2261 cum,
1122 2180 1231 2243 studio
1246 2180 1436 2244 litterarum

310 2291 478 2364 renovato,
500 2301 678 2364 puerorum
697 2287 895 2346 institutioa
915 2285 1044 2348 Donato
1058 2286 1231 2365 inciperet,
1250 2292 1340 2348 tanta
1354 2303 1432 2348 auc-

310 2393 442 2453 toritate
462 2394 548 2452 inter
568 2389 680 2452 doctos
698 2389 755 2453 hic
772 2389 889 2471 valuit,
906 2399 943 2453 ut
962 2394 1068 2470 ipsius
1083 2409 1205 2454 nomen
1219 2410 1278 2471 pro
1294 2395 1432 2454 nomine

310 2499 389 2559 artis
407 2499 627 2575 grammaticae
643 2515 714 2559 esse
729 2495 989 2562 consuesceret³.
1012 2495 1128 2578 Neque
1144 2505 1253 2560 tamen
1269 2498 1433 2577 singulari

311 2603 496 2692 eruditione
514 2603 567 2666 vel
582 2604 727 2666 dictione
743 2604 829 2666 hanc
844 2611 966 2666 tantam
982 2607 1258 2668 existimationem
1274 2605 1339 2667 sihi
1353 2623 1434 2668 con·

311 2716 442 2772 secutus
465 2717 526 2772 est.
553 2709 686 2772 Etenim
709 2727 784 2772 cum
809 2711 1009 2790 artigraphis
1031 2729 1097 2773 suae
1119 2715 1238 2791 aetatis,
1261 2709 1430 2794 Charisia,

310 2816 483 2898 Dositheo,
504 2815 700 2896 Excerptore
720 2817 891 2899 Bohiensi,
914 2827 946 2879 et
960 2821 1144 2897 praesertim
1159 2836 1235 2882 cum
1249 2817 1434 2882 Diomede⁴

310 2924 356 2984 ita
379 2927 553 3004 consentit,
578 2930 704 2987 utnon
729 2924 838 2987 solum
860 2923 977 2987 multis
1000 2925 1084 2987 locis
1109 2925 1233 2987 eaedem
1263 2943 1315 2988 res
1345 2926 1433 3005 apud

310 3046 424 3091 omnes
438 3030 627 3111 doceantur,
645 3031 702 3093 sed
717 3031 838 3092 iisdem
854 3034 953 3094 etiam
964 3032 1074 3094 verbis
1090 3038 1322 3111 expromentur
1338 3052 1345 3094 :
1363 3050 1432 3094 non

310 3154 374 3216 quo
395 3155 414 3198 a
431 3136 559 3200 Donato
574 3142 674 3200 ceteri
690 3155 782 3200 snam
797 3137 980 3201 doctrinam
994 3143 1137 3201 mutuati
1152 3143 1231 3220 sint,
1249 3172 1294 3204 -,-
1307 3157 1386 3201 nam
1399 3147 1434 3202 et

310 3242 396 3324 apud
410 3242 605 3305 Diomedem
620 3247 732 3305 omnia
750 3243 916 3323 copiosius
932 3251 964 3308 et
979 3244 1107 3308 doctius
1130 3250 1266 3307 tractata
1287 3253 1376 3326 sunt,
1400 3253 1433 3306 et

310 3368 384 3414 cum
411 3348 564 3412 Charisio
589 3348 739 3412 Donatus
766 3355 919 3428 congruit
943 3354 976 3414 in
1001 3352 1044 3413 iis
1069 3351 1189 3433 etiam,
1214 3367 1288 3431 quae
1310 3349 1369 3412 ille
1392 3352 1433 3412 ah

310 3457 552 3536 antiquioribus
567 3459 788 3535 grammaticis
804 3475 838 3520 se
853 3461 1037 3538 excerpisse
1052 3457 1196 3522 declarat
1210 3491 1267 3538 -,
1282 3457 1341 3520 sed
1354 3457 1433 3539 quia

310 3579 424 3626 omnes
445 3580 482 3624 ex
502 3563 622 3625 iisdem
641 3563 789 3625 fontibus
811 3581 886 3626 suas
909 3567 1019 3645 copias
1040 3563 1282 3629 derivaverunt.
1305 3564 1350 3626 At
1370 3567 1433 3626 mi·

310 3669 446 3732 rendam
468 3688 567 3750 quam
590 3669 660 3730 dixi
681 3670 958 3734 existimationem
981 3669 1130 3734 Donatus
1154 3689 1193 3732 ex
1217 3688 1255 3732 eo
1282 3669 1430 3750 collegit,

311 3775 410 3857 quod,
432 3793 564 3838 omnem
581 3779 776 3855 requisitam
797 3780 968 3840 scientiam
988 3781 1162 3860 omittens,
1193 3777 1338 3840 breviter
1360 3794 1432 3857 qnae

372 4035 392 4080 K

373 4097 390 4143 C

392 4065 409 4141 i
418 4032 492 4152 ιιιιῗὲιι,
502 4107 526 4153 p.
538 4100 563 4140 or
571 4107 625 4154 sqq.

337 4043 357 4080 1.

336 4102 358 4205 ἔ.
371 4159 391 4204 Κ
410 4159 449 4216 IV,
458 4170 482 4216 p.
494 4172 600 4211 xxxviii.

335 4227 356 4267 4.
372 4220 407 4268 ol.
417 4221 552 4279 pracsertim
564 4219 648 4276 Doetto,
658 4221 692 4267 De
702 4220 796 4266 artium
806 4219 977 4278 scriptoribus,
988 4222 1033 4266 otc.
