3214 5054
585 509 808 576 ,97-

137 677 196 742 per
215 658 352 722 alteram
374 652 641 740 (superlativum)
662 655 754 718 notio
776 655 933 736 temporis
951 655 1046 735 quasi
1065 663 1159 719 aucte
1173 664 1205 720 et
1218 657 1272 719 ad·

137 785 300 830 summam
315 765 368 827 sni
382 766 451 826 vim
466 757 596 826 evecta¹
612 762 794 843 significari
809 761 970 826 videatur.
987 761 1104 843 Neque
1119 763 1190 826 sine
1205 763 1261 828 de·

138 876 295 936 trimento
314 879 452 951 utraque
474 869 659 934 obsolevit:
682 887 758 931 nam
773 869 851 948 inde
870 868 1068 950 factumest,
1084 877 1121 931 ut
1141 873 1261 952 saepius

140 1006 155 1035 α
173 986 302 1042 amatus
317 978 367 1040 fui
385 1001 406 1058 »¹
419 993 494 1039 cum
512 1000 526 1029 ι
545 965 672 1037 amatus
688 993 761 1037 sum
779 998 794 1029 ι
812 974 1080 1038 contunderetur.
1098 976 1186 1050 Quid
1205 995 1262 1040 au·

139 1095 205 1149 tem
225 1087 401 1146 interesset
421 1083 509 1144 inter
527 1082 588 1143 has
609 1081 689 1144 duas
712 1081 908 1159 locutiones,
926 1083 1131 1161 grammatici
1153 1083 1264 1144 Latini

140 1209 253 1274 perse
278 1190 344 1269 ipsi
367 1191 624 1252 observaverunt
643 1194 676 1250 et
698 1187 922 1268 peculiaribus
943 1187 1111 1250 vocabulis
1135 1207 1264 1269 expres·

141 1304 270 1362 serunt.
878 1313 883 1320 ·

187 1404 347 1468 Sacerdos
367 1398 466 1466 vero¹
482 1419 540 1465 cur
561 1427 576 1458 ι
596 1420 758 1483 amavero,
781 1409 908 1465 amatus
928 1419 994 1483 ere,
1013 1410 1139 1465 amatus
1158 1403 1264 1486 fuero,

143 1514 297 1593 docuero,
311 1517 373 1574 etc.
391 1533 405 1563 ³
420 1509 543 1589 speciei
557 1509 697 1570 ulteriori
710 1509 814 1572 futuri
830 1509 1035 1589 subjunctivi
1050 1512 1174 1590 pariter
1186 1510 1268 1572 assi-

144 1621 306 1699 gnaverit,
323 1635 389 1679 non
409 1615 569 1695 intellego
588 1637 595 1677 :
617 1615 685 1677 nisi
700 1617 784 1679 forte
798 1617 886 1698 apud
901 1618 1152 1694 grammaticum
1167 1636 1270 1698 quen-

146 1727 220 1788 dam
239 1749 254 1780 ι
271 1724 420 1786 futurum
436 1729 586 1785 exactum
603 1747 618 1776 »
637 1718 813 1805 (amavero,
831 1730 957 1784 amatus
973 1741 1039 1804 ero,
1054 1718 1133 1807 etc.)
1149 1725 1271 1805 speciei

148 1857 163 1887 ‹
179 1831 335 1894 ulteriori
352 1853 367 1882 ι
389 1828 495 1891 futuri
513 1827 739 1907 adjudicatum
762 1824 900 1909 inisset,
926 1828 1150 1909 sacerdosque
1173 1829 1271 1892 stulte

146 1937 360 2018 permisceret
380 1935 482 2015 hujus
502 1935 685 1998 doctrinam
706 1953 781 1998 cum
800 1935 932 2016 placitis
946 1953 1060 1998 eorum
1075 1937 1132 2019 qui
1151 1961 1166 1992 ι
1184 1937 1272 2000 futu·

147 2063 220 2108 rum
237 2051 386 2106 exactum
405 2066 419 2096 »
438 2044 525 2103 inter
539 2048 686 2122 tempera
701 2042 904 2122 subjunctivi
919 2042 1127 2106 collocarent.

190 2150 243 2213 De
258 2145 390 2212 futuro³
405 2147 587 2211 notandum
602 2155 651 2210 est
665 2149 825 2228 quosdam
838 2149 873 2211 id
888 2167 960 2213 esse
978 2174 992 2204 v
1007 2157 1134 2231 tempus
1148 2151 1274 2213 indica·

150 2258 209 2321 tivi
227 2283 244 2313 »
261 2258 447 2335 negavisse,
466 2254 524 2317 sed
542 2279 557 2309 ι
573 2254 709 2317 modum
727 2277 742 2308 ι
761 2256 982 2336 contendisse,
999 2274 1098 2334 quem
1113 2258 1275 2334 promissi-

151 2383 224 2426 vum
239 2361 461 2444 appellabant,
478 2385 493 2416 ι
505 2369 542 2424 ut
556 2378 622 2442 quo
633 2369 761 2424 acturos
772 2379 832 2424 nos
843 2361 971 2441 aliquid
981 2361 1233 2444 pelliceremur⁴
1245 2389 1276 2425 2.

154 2470 315 2535 Sacerdos
330 2476 440 2531 autem
455 2475 585 2548 tempus
608 2486 680 2531 esse
698 2493 713 2523 ι
730 2468 878 2530 futurum
897 2494 911 2523 >›
930 2473 1084 2550 opinatur
1098 2472 1194 2548 specte
1206 2489 1279 2550 pro-

153 2581 284 2640 missive
294 2575 317 2638 ⁶.
335 2577 388 2638 Me
403 2593 481 2640 vero
501 2577 537 2637 in
556 2575 616 2637 illa
635 2575 751 2637 subtili
766 2583 798 2637 et
813 2576 907 2637 inani
922 2577 1103 2655 quaestione
1119 2578 1279 2640 recentio-

153 2702 228 2745 rum
244 2683 436 2762 opinionem
452 2681 625 2744 ostendere
641 2699 678 2743 ac
693 2681 870 2745 defendere
885 2697 952 2742 non
969 2699 1051 2762 epus
1066 2689 1127 2744 est.

199 2789 269 2852 Sed
292 2789 357 2852 hoc
380 2789 526 2870 profecto
549 2789 739 2852 mirandum
759 2796 819 2870 est,
846 2805 921 2850 cum
942 2786 1047 2850 Varro
1069 2795 1100 2850 et
1124 2787 1282 2866 Nigidius

156 2892 318 2976 Figulus‘
342 2896 490 2959 futurum
515 2903 664 2960 exactum
689 2913 840 2976 expresse
864 2894 1114 2978 distinxissent,
1141 2915 1160 2958 a
1189 2891 1282 2959 nullo

156 3005 340 3082 posteriore
357 3002 569 3080 grammatico
579 3003 614 3064 id
625 3019 684 3082 pro
695 3008 842 3082 tempore
853 3002 1026 3064 indicativi
1036 3003 1187 3065 habitum
1198 3020 1280 3082 esse,

157 3111 216 3173 sed
229 3111 272 3172 ab
288 3109 442 3171 omnibus
456 3108 668 3188 subjunctivo
683 3108 906 3171 adnumerari.

202 3217 400 3297 Imperativi
421 3233 499 3278 vero
520 3214 668 3277 futurum
691 3217 762 3277 sine
779 3213 970 3278 Graecorum
984 3216 1133 3298 exemplo
1150 3216 1284 3278 Latinos

159 3325 353 3405 dignovisse
369 3343 428 3405 per
442 3343 477 3386 se
492 3323 609 3404 liquet.
622 3321 693 3386 Nec
706 3325 775 3386 scio
790 3343 833 3386 an
843 3323 948 3386 Varro
960 3325 1029 3405 jam
1043 3325 1114 3404 ipse
1126 3324 1190 3387 duo
1205 3331 1287 3386 tem·

158 3450 240 3513 pora
254 3432 443 3511 imperativi
454 3450 526 3494 esse
540 3433 756 3512 perspexerit.
770 3430 867 3505 Quod
878 3451 915 3494 ex
926 3432 1074 3508 hocloco
1085 3431 1286 3495 subobscuro

188 3636 208 3674 1.
223 3628 274 3683 Bis,
286 3630 313 3673 ut
323 3627 357 3673 ita
367 3626 457 3682 dicam,
468 3627 534 3674 idam
550 3629 646 3684 tempus
656 3639 700 3684 par
714 3639 755 3674 aas
770 3627 863 3674 formes
877 3627 1039 3684 significetur.
1055 3626 1151 3674 Etenim
1164 3645 1173 3667 α
1185 3627 1290 3685 epistula

161 3691 257 3748 scripta
273 3688 343 3734 fuit·
359 3689 419 3747 quid
437 3689 506 3735 eliud
524 3693 560 3734 est
577 3688 626 3734 nisi
639 3689 748 3746 quodam
764 3689 839 3735 modo
855 3707 865 3727 a
876 3689 981 3746 epistula
996 3691 1044 3736 fuit
1058 3702 1114 3748 quae
1129 3690 1218 3747 scripta
1231 3693 1268 3736 est
1280 3708 1290 3728 ι

161 3753 195 3806 (z
211 3752 265 3798 duo
283 3751 420 3807 perfectos
435 3749 564 3808 «epistula
581 3750 672 3806 scripte
687 3749 787 3796 luerat·
803 3750 865 3808 quid
881 3752 917 3796 ast
933 3752 983 3797 nisi
998 3769 1009 3790 α
1020 3750 1126 3809 epistula
1140 3751 1220 3796 luerat
1237 3763 1291 3808 qum

162 3813 259 3870 scripta
269 3814 321 3857 eret
332 3813 385 3865 nt:
397 3812 447 3857 duo
457 3811 717 3870 plusquamperfecta),
729 3815 793 3858 etet

190 3880 211 3918 s.
226 3874 256 3920 K.
267 3873 307 3928 Vl,
317 3885 342 3930 p.
352 3879 393 3918 tec
402 3885 457 3930 sqq.
467 3872 503 3920 ct.
514 3874 637 3928 consent,
647 3874 674 3919 K.
685 3874 714 3928 V,
724 3885 749 3930 p.
760 3877 815 3919 otte
828 3891 838 3912 α
849 3872 961 3920 Dicimus
971 3875 1038 3919 enim
1048 3873 1165 3920 ulteriore
1176 3886 1233 3921 cnm
1244 3873 1292 3921 lec·

164 3937 204 3981 tus
214 3947 268 3990 ero,
279 3934 339 3980 item
351 3935 400 3980 olio
410 3933 527 3980 ulteriore
538 3944 595 3979 cum
606 3933 684 3981 lectus
693 3936 773 3981 tuero.

192 4003 213 4042 e,
228 3997 266 4044 Cf.
278 4009 361 4054 supra,
371 4009 395 4054 p.
407 4003 442 4041 et.

191 4066 213 4104 t.
229 4057 380 4112 Cominium,
390 4058 417 4103 Κ.
428 4058 446 4113 Ι,
457 4069 481 4114 p.
491 4063 541 4115 1763
552 4058 654 4113 (thoris,
665 4056 735 4112 tote,
746 4063 830 4116 p.1oe;
843 4059 936 4116 Pomp,
947 4061 975 4105 K.
985 4061 1014 4116 V,
1025 4073 1049 4118 ρ.
1061 4066 1101 4106 ste
1110 4073 1158 4122 sq,
1168 4063 1214 4108 etc.

193 4127 214 4165 5.
229 4121 260 4166 K.
271 4121 311 4175 Vl,
321 4132 345 4177 ρ.
356 4125 404 4164 tos.

193 4188 215 4227 6.
231 4181 413 4237 o011.,xv11,v.
423 4182 531 4228 «sivero
542 4180 657 4238 copulata
668 4183 836 4240 permixteque
844 4182 937 4229 dictum
947 4184 1085 4242 intelleges,
1093 4187 1120 4230 ut
1128 4201 1138 4224 ι
1147 4185 1294 4241 subruptum

167 4243 215 4289 erit
227 4261 238 4283 ι
250 4255 301 4289 nou
313 4243 371 4298 duo,
381 4243 424 4289 sed
439 4244 636 4289 unumverhum
648 4244 681 4290 sit
690 4243 765 4302 idque
779 4243 878 4289 unitum
893 4245 1001 4302 patiendi
1017 4245 1184 4292 declinatione
1194 4246 1232 4300 sit,
1245 4247 1295 4290 tum

168 4306 218 4351 hoc
228 4304 306 4351 verbo
316 4316 367 4350 non
377 4303 461 4352 minus
469 4304 621 4363 praeteritum
633 4308 730 4362 tempus
740 4305 878 4352 ostenditur
885 4319 960 4364 quom
971 4307 1090 4352 futurum.
1102 4325 1113 4347 s

280 4405 314 4436 n}
329 4405 423 4440 estun.
438 4406 527 4439 νοω.
1178 4402 1190 4440 't
