3214 5054
745 430 990 496 ..120-

308 593 369 638 nec
389 575 546 656 patientia
566 574 765 654 significatio
786 573 884 654 plene
899 575 1154 658 dignoscitur»,
1171 595 1289 656 parum
1304 597 1344 640 ex
1357 578 1430 642 loc'o

307 680 479 744 Diomedis
499 675 520 762 ¹,
542 681 579 742 in
594 699 659 760 quo
680 681 745 744 hoo
764 681 961 744 vocabulum
984 681 1253 762 deprehenditur,
1271 686 1428 763 comperi,

309 787 472 850 necunde
491 786 554 850 hoc
573 803 695 849 nomen
714 787 892 850 deductum
912 793 998 850 esset
1018 787 1212 867 dijudicavi.
1229 788 1429 851 tesolatam

309 893 362 958 vel
381 891 546 956 obsoluta³
572 911 610 956 ea
629 893 725 957 credo
748 894 895 975 potuisse
914 893 998 972 dici,
1025 910 1099 974 quae
1117 892 1220 956 nullis
1244 895 1429 958 casualibus

310 1000 478 1065 vocabulis
499 1001 541 1062 ad
562 999 789 1080 complendam
811 1001 1009 1063 sententiam
1033 1007 1130 1080 egent
1140 999 1162 1082 ⁴,
1187 1009 1219 1064 et
1240 1003 1318 1064 inde
1339 1022 1429 1065 suam

310 1107 567 1190 appellationem
581 1111 759 1188 accepisse.
777 1109 938 1170 Neutrolic
959 1117 1116 1190 praeterea
1130 1108 1323 1173 Priscianus
1338 1127 1430 1174 voca·

310 1217 357 1278 vit
377 1217 477 1278 veroa
495 1215 645 1295 quaedam
668 1231 780 1278 «voce
799 1216 916 1294 activa,
934 1219 1012 1295 'quae
1034 1235 1072 1278 ex
1094 1235 1128 1278 se
1147 1219 1277 1296 passiva
1297 1213 1365 1280 non
1385 1217 1431 1278 la·

310 1319 422 1384 ciunt⁸
441 1345 470 1400 a,
498 1329 530 1384 et
554 1321 700 1384 diversas
724 1321 846 1386 habent
864 1322 1142 1400 significationes.
1158 1322 1236 1384 Alia
1250 1324 1341 1386 enim
1355 1326 1431 1384 'vim

310 1427 431 1491 habent
448 1429 598 1508 activam,
617 1435 652 1490 ut
666 1429 751 1492 facio
766 1436 809 1506 te,
823 1435 900 1511 etc,
914 1447 1016 1493 noceo
1032 1431 1111 1509 tibi,
1127 1428 1194 1492 alia
1207 1433 1383 1510 passivam,
1397 1435 1431 1490 ut

310 1533 430 1614 vapulo
444 1553 464 1595 a
478 1541 522 1615 te,
539 1535 582 1596 lio
593 1554 614 1596 a
626 1541 671 1614 te,
683 1539 747 1598 etc.
766 1537 928 1614 Reciproco
937 1535 1027 1598 idem
1036 1535 1226 1617 appellavit,
1240 1553 1312 1616 quae
1328 1534 1432 1598 Stoici

311 1636 568 1725 ἀντιπεπονθότα,
585 1639 711 1720 aliique
726 1637 890 1728 αὐτοπαθῆ
905 1640 959 1703 vel
974 1639 1116 1728 tetemet
1127 1639 1150 1722 ⁶,
1168 1643 1204 1704 in
1224 1643 1344 1722 quihus
1363 1666 1378 1696 ι
1395 1660 1433 1703 ex

311 1767 346 1810 se
359 1748 403 1809 ‘in
426 1764 461 1810 se
480 1749 553 1825 ipsa
573 1747 610 1810 fit
628 1747 830 1810 intrinsecus
848 1747 970 1828 passio,
993 1753 1028 1809 ut
1048 1748 1162 1828 rubeo,
1179 1748 1302 1828 ferveo,
1320 1755 1381 1810 etc.
1399 1749 1430 1806 ¹»,

312 1855 460 1931 Ambipuu
482 1853 664 1932 deniquae
685 1851 866 1916 Diomede⁷
886 1853 1054 1934 dicuntur,
1074 1878 1088 1907 «
1108 1871 1181 1933 quae
1196 1873 1226 1914 -o
1246 1852 1358 1916 littera
1371 1861 1433 1916 ter·

313 1961 449 2040 minata,
472 1964 503 2020 et
525 1959 632 2020 activa
648 1976 718 2020 esse
734 1965 872 2039 possunt
888 1965 918 2021 et
938 1959 1104 2022 neutralia
1117 1977 1177 2038 pro
1193 1959 1433 2038 significatione

313 2066 466 2146 dicentis,
488 2072 525 2126 ut
545 2063 636 2128 ludo.
657 2088 672 2118 »
692 2065 770 2128 Tria
788 2066 860 2128 haec
879 2067 1014 2128 nomina
1033 2083 1092 2129 cur
1111 2065 1265 2145 imposita
1281 2069 1360 2148 sint,
1378 2068 1435 2146 per

315 2183 348 2234 se
364 2170 481 2252 liquet.
925 2179 927 2184 ’

644 2363 700 2427 De
721 2358 861 2426 formts
881 2361 1109 2427 verborum.

306 2544 311 2636 J
362 2550 1434 2634 aQualitasverborum,eitDonatus⁸,inmodisestetinformis...,

315 2677 395 2738 quas
410 2659 525 2732 formos
541 2658 600 2720 alii
614 2658 789 2721 verborum
804 2659 981 2736 generibus
994 2659 1048 2721 vel
1065 2659 1366 2738 significationibus
1382 2659 1436 2722 ad-

315 2767 466 2827 miscent.
488 2790 503 2818 »
520 2763 599 2826 Haec
613 2770 724 2826 autem
738 2765 858 2828 divisio
874 2772 941 2828 tota
956 2764 1317 2828 latinaest⁰.Pe1·oam
1332 2767 1436 2829 diver-

317 2891 368 2933 sas
383 2873 419 2932 in
437 2875 562 2952 species
576 2872 676 2934 verba
691 2871 945 2955 distribuuntur,
964 2891 1048 2954 quae,
1066 2873 1143 2936 aliis
1158 2873 1281 2936 litteris
1296 2880 1354 2936 aut
1368 2872 1435 2954 syl-

317 2977 401 3040 labis
421 2978 635 3041 interioribus
653 2986 728 3040 ante
748 2978 998 3042 terminationes
1017 2980 1155 3060 additia,
1181 2979 1284 3042 alium
1306 2998 1438 3042 sensum

318 3088 517 3164 exprimunt.
541 3083 669 3147 Idcirco
696 3085 836 3147 forsitan
856 3103 978 3148 nomen
1004 3110 1019 3140 ‹
1043 3087 1165 3148 formas
1191 3110 1206 3141 a
1234 3088 1435 3166 acceperint,

318 3191 404 3272 quod
419 3191 532 3252 lormae
547 3192 666 3270 cuique
681 3209 760 3252 suus
783 3207 899 3252 sensus
919 3189 1081 3253 inhaerere
1096 3191 1276 3254 videretur.
1294 3191 1438 3272 Quaeque

318 3304 428 3359 autem
455 3295 581 3374 species
610 3313 649 3358 ex
677 3313 736 3358 sua
764 3296 1006 3373 significatione
1029 3295 1286 3377 appellationem
1309 3297 1435 3360 habuit.

319 3403 392 3464 lam
409 3407 484 3463 sunt
503 3401 678 3463 oreditotioo
698 3402 734 3462 in
756 3404 839 3462 -crt'o
855 3402 1053 3483 desinentia,
1070 3421 1142 3482 quae
1162 3421 1230 3464 non
1245 3410 1366 3484 ectum,
1384 3402 1439 3465 sed

349 3661 368 3697 1.
383 3653 408 3698 L.
421 3663 440 3696 o.

318 3733 320 3738 ·
349 3720 369 3758 2.
384 3715 419 3760 ld.

349 3783 369 3821 3.
384 3776 510 3832 Prisclan,
520 3776 548 3822 K.
560 3777 600 3833 ΙΙΙ,
611 3787 635 3834 p.
646 3780 694 3823 tto.

348 3846 370 3883 4.
385 3839 530 3896 congruunt
539 3851 597 3896 ergo
608 3851 665 3885 cum
675 3838 845 3886 intransitivae
855 3842 888 3896 (p.
900 3841 955 3895 121).

344 3904 369 3974 ¹t.
384 3901 413 3946 K.
429 3903 462 3956 ΙΙ,
479 3913 504 3958 p.
521 3908 569 3946 376.
585 3903 606 3948 Α
622 3900 751 3947 nonnullis
769 3905 899 3947 «neutra»
915 3913 1016 3960 quoqne
1036 3903 1084 3947 hoc
1101 3901 1202 3948 nomine
1221 3899 1399 3958 insigniuntur.
1408 3897 1442 3947 (ll.

323 3963 510 4082 npmppgcppnr:
520 3970 622 4084 ldallfp.
634 4030 686 4082 37⁸3
697 4025 724 4081 K,
736 4026 776 4082 111,
786 4037 811 4083 p.
822 4031 870 4078 tto,
881 4029 927 4072 etc.
938 4025 973 4074 cf.
984 4011 1135 4082 Grdlenlian,
1145 4023 1160 4072 l.
1171 4037 1200 4080 a,
1211 4025 1250 4080 111,
1260 4036 1284 4082 p.
1295 4029 1344 4071 tta.

351 4088 556 4206 tratti.
1144 4123 1147 4130 ·

352 4219 373 4257 o.
388 4211 502 4267 Macrob,
512 4211 541 4259 ΙΙ.
551 4212 579 4268 ΙΙ,
590 4223 614 4269 p.
624 4213 672 4268 ort,
684 4229 694 4252 ι
704 4210 763 4258 licet
773 4211 942 4260 meditativam
952 4211 1027 4258 etlam
1037 4212 1114 4260 Graeci
1123 4211 1214 4258 hebere
1223 4213 1348 4270 putantur.
1359 4225 1373 4260 υ.
