3214 5054
758 474 981 539 ..86-

309 618 414 698 naris,
430 635 519 680 mare
538 636 573 696 »3
590 618 812 696 incorporalia,
832 641 847 670 ι
866 634 939 697 qum
958 636 1029 679 rem
1043 615 1285 697 incorporalem
1300 616 1435 694 signifi-

309 731 394 804 cant,
412 725 654 804 utputapietas,
664 724 806 804 justitia,
823 719 931 786 dolor¹
945 743 980 802 »ς
999 725 1189 802 temporatia,
1206 748 1220 777 α
1234 739 1306 803 quae
1322 741 1382 804 per
1396 740 1435 784 se

309 837 437 911 tempus
454 830 642 909 ostendunt,
660 831 846 911 ulmensis,
872 848 988 910 annus,
1006 828 1202 910 meridies¹3
1217 829 1336 907 localia,
1357 845 1434 908 quae

309 936 419 999 locum
439 938 637 1016 significant,
656 944 692 999 ut
707 935 817 1018 inferi,
836 935 1069 1016 propinquus⁸.

352 1045 393 1106 In
413 1062 541 1106 summa
558 1045 798 1106 observandum
813 1053 874 1124 est,
892 1043 1073 1104 aVarrone
1091 1041 1160 1123 jam
1174 1045 1354 1122 praecipuas
1370 1058 1433 1102 uo-

249 1145 257 1155 '
290 1153 436 1213 =minum
450 1151 577 1231 species
593 1151 743 1228 dignctas
759 1168 842 1228 esse,
860 1157 897 1212 ut
911 1152 1079 1229 primitiva
1095 1156 1127 1212 et
1142 1150 1332 1229 derivativa,
1351 1151 1434 1209 sim·

308 1257 407 1338 plicia
418 1260 648 1336 etccmposita,
661 1260 795 1336 propria
805 1263 836 1318 et
847 1255 1056 1337 appellativa,
1073 1254 1431 1334 deminutivadenique

308 1381 380 1443 quae
394 1371 426 1425 et
440 1363 545 1443 figura
560 1369 591 1424 et
607 1381 705 1426 sensu
720 1381 740 1424 a
753 1366 870 1425 ceteris
887 1363 1055 1442 differunt,
1075 1361 1303 1442 distingueret,
1322 1361 1431 1422 nomi-

309 1471 482 1549 nibusque,
501 1472 529 1531 si
548 1487 615 1532 non
635 1471 746 1532 omnia
770 1470 890 1532 iisdem
909 1470 1030 1549 quibus
1051 1473 1248 1550 posteriores
1268 1487 1431 1548 gramma·
1514 1543 1517 1547 ,

308 1576 377 1654 tici,
395 1574 619 1655 peculiaribus
634 1584 721 1638 certe
736 1584 767 1637 et
781 1575 872 1637 haud
891 1576 1056 1653 ambiguis
1077 1575 1275 1652 designaret.
1295 1572 1431 1636 Ceteras

307 1698 396 1760 vero,
410 1699 429 1743 a
444 1681 606 1763 Dionysio
619 1681 745 1744 Thrace
761 1681 934 1762 plerasque
950 1681 1113 1762 definitas,
1130 1679 1349 1743 Palaemonem
1360 1681 1433 1760 jam

307 1792 470 1868 recepisse
486 1795 518 1850 et
532 1787 609 1850 aliis
624 1788 701 1851 inde
725 1787 925 1869 artigraphis
941 1789 1128 1867 tradidisse,
1147 1787 1226 1850 licet
1242 1786 1374 1849 nullum
1388 1786 1430 1849 de

309 1912 346 1956 ea
369 1913 405 1955 re
432 1895 658 1958 testimonium
682 1902 795 1973 exstet,
823 1895 927 1958 habeo
951 1903 1061 1956 tamen
1076 1895 1200 1956 idcirco
1220 1911 1426 1974 persuasum,

307 2001 395 2080 quod
410 2001 450 2062 de
465 2000 541 2064 aliis
556 2016 685 2082 quoque
700 1999 849 2082 partibus
865 1998 1041 2064 orationis4
1061 2003 1097 2062 in
1120 2001 1294 2079 speciebus
1309 2000 1428 2062 distin-

308 2106 450 2185 guendis
465 2107 665 2187 Dionysium
680 2109 763 2187 ipse,
782 2125 857 2168 eum
872 2107 1071 2186 posteriores
1086 2125 1145 2186 per
1164 2106 1252 2168 vices
1267 2123 1428 2184 gramma-

308 2214 365 2276 tici
380 2214 484 2275 secuti
508 2221 595 2276 suut.
620 2212 731 2275 Pauca
752 2221 918 2293 postremo
937 2213 1083 2276 vidimus
1103 2212 1315 2275 Priscianum
1336 2212 1428 2273 addi-

308 2319 397 2381 disse
416 2319 585 2396 vcoabula,
605 2327 660 2380 aut
679 2326 889 2396 mutassent
909 2321 977 2382 sive
1002 2337 1060 2400 pro
1082 2335 1188 2396 graeco
1212 2313 1381 2401 latinum(
1401 2319 1424 2380 f.

308 2419 616 2508 denominativum),
640 2426 709 2487 sive
728 2443 787 2506 pro
804 2424 1095 2488 circumlocutione
1112 2423 1278 2504 peculiare
1293 2443 1425 2504 nomen,

308 2530 502 2610 plerumque
516 2531 726 2611 adjectivum,
745 2528 952 2611 usu1·par'et⁶.

562 2742 618 2805 De
640 2739 917 2806 numeralibus
937 2738 1178 2804 nominibus.

352 2910 433 2985 Quae
454 2914 589 2974 nomina
610 2931 765 2975 numeros
786 2913 986 2992 exprimunt,
1003 2930 1202 2992 quamquam
1224 2931 1243 2973 a
1262 2913 1429 2974 veteribus

307 3022 344 3080 in
364 3005 571 3099 appellativis
592 3022 847 3099 reponebantur,
865 3037 902 3081 ea
925 3027 1046 3099 tamen,
1069 3024 1187 3079 nostrae
1208 3020 1425 3081 recentiorum

308 3124 538 3189 consuetudini
555 3128 741 3204 obsecutus,
760 3142 908 3186 seorsum
923 3131 959 3187 ut
974 3126 1119 3204 speciem
1140 3123 1343 3200 singularem
1357 3142 1427 3202 per-

308 3231 447 3294 lustrare
462 3235 584 3294 rectius
601 3239 632 3293 et
646 3235 751 3310 magis
773 3233 894 3294 rationi
915 3238 1173 3294 cousentaneum
1190 3229 1349 3310 judicavi.
1366 3231 1427 3292 Nu-

307 3356 461 3399 mmorum
480 3346 589 3401 autem
609 3338 661 3400 vel
680 3340 803 3399 auctari
820 3335 976 3419 eromtrffl,
999 3345 1055 3400 aut
1074 3333 1266 3398 cumerulio'
1288 3331 1427 3422 (ἀριθμη-

308 3441 413 3526 τικά”)
428 3462 584 3507 numeros
599 3446 689 3526 ipsos
705 3445 942 3524 demonstrant,
962 3452 993 3506 et
1009 3450 1086 3506 suut
1101 3460 1173 3524 quae
1183 3460 1243 3505 nos
1258 3444 1426 3504 cardinales

308 3568 395 3610 rrum.
412 3567 501 3612 nunc
519 3567 673 3612 vocamus
692 3571 699 3612 z
721 3569 820 3630 quam
839 3549 1094 3630 appellationem
1113 3549 1201 3630 apud
1220 3549 1427 3612 Priscianum

335 3734 355 3772 1.
369 3729 448 3776 Instit.
458 3730 517 3779 Art..
527 3729 555 3774 K.
567 3730 607 3784 lV,
617 3742 641 3786 p.
653 3737 704 3787 1193
716 3729 808 3784 Donat,
822 3727 890 3784 ibid,
900 3741 923 3785 p.
935 3734 982 3783 373,
992 3730 1039 3773 cto.

335 3794 356 3834 a.
371 3790 453 3845 Prisc,
464 3789 492 3835 K.
504 3791 533 3846 ΙΙ,
543 3802 567 3848 p.
578 3797 612 3846 sa,
623 3797 670 3836 543.

335 3856 355 3894 3.
371 3851 452 3906 Prisc„
467 3851 537 3914 ibid..
552 3864 575 3908 p.
592 3858 626 3897 aa.
640 3853 746 3898 Scaurus
761 3863 819 3898 vero
829 3851 867 3907 (K.
876 3851 927 3906 Vll,
937 3864 960 3909 p.
972 3853 1006 3907 ec)
1023 3849 1131 3897 locorum
1146 3849 1264 3898 vocamus
1279 3851 1318 3898 vel
1327 3851 1428 3898 cominu

309 3903 509 3961 sgrpcllatButos,
520 3906 695 3962 capadocem
1258 3921 1260 3924 ·
1389 3919 1390 3922 ¹

319 3992 321 3998 ι
334 3973 357 4012 t.
371 3965 405 4012 ds.
416 3979 439 4023 p.
452 3973 556 4022 133133.

334 4032 355 4073 5.
370 4028 405 4075 Cf.
416 4041 497 4086 supra,
507 4041 531 4086 p.
541 4036 574 4074 41.

335 4090 463 4146 silenat,
481 4091 508 4135 li.
524 4090 562 4144 IV,
576 4101 600 4147 p.
618 4095 666 4144 ³⁷3,
680 4093 726 4136 etc.
744 4093 880 4136 Nouiorum
897 4102 956 4135 vcro
973 4087 1145 4149 sipnificuntio
1160 4102 1175 4134 e
1191 4089 1294 4146 Charis,
1312 4088 1427 4140 Diomed,

309 4144 419 4200 Excerpt.
430 4144 486 4190 Bub.
496 4144 614 4188 dicuutur
624 4144 659 4197 (li.
671 4143 688 4198 1,
699 4157 723 4201 p.
734 4149 781 4200 154,
792 4150 840 4199 822,
851 4145 906 4197 535).

316 4225 322 4236 ‚
336 4211 355 4249 7.
370 4205 453 4259 Prisc,
464 4206 491 4250 K.
502 4204 530 4259 ll,
541 4217 564 4262 p.
576 4210 610 4257 ca,
621 4207 667 4250 sto.

336 4271 357 4310 8.
372 4267 470 4324 Dionys.
482 4268 546 4323 Thr,
556 4279 580 4324 p.
591 4274 626 4312 44.
