<?xml version="1.0" encoding="UTF-8"?>
<!DOCTYPE html PUBLIC "-//W3C//DTD XHTML 1.0 Transitional//EN"
    "http://www.w3.org/TR/xhtml1/DTD/xhtml1-transitional.dtd">
<html xmlns="http://www.w3.org/1999/xhtml" xml:lang="en" lang="en">
 <head>
  <title>
</title>
<meta http-equiv="Content-Type" content="text/html;charset=utf-8" />
  <meta name='ocr-system' content='tesseract 3.04.00' />
  <meta name='ocr-capabilities' content='ocr_page ocr_carea ocr_par ocr_line ocrx_word'/>
</head>
<body>
  <div class='ocr_page' id='page_1' title='image "./degrammaticisvo01jobgoog_0060.png"; bbox 0 0 3124 5050; ppageno 0'>
   <div class='ocr_carea' id='block_1_1' title="bbox 585 465 809 530">
    <p class='ocr_par' dir='ltr' id='par_1_1' title="bbox 585 465 809 530">
     <span class='ocr_line' id='line_1_1' title="bbox 585 465 809 530; baseline 0 -16"><span class='ocrx_word' id='word_1_1' title='bbox 585 465 809 530; x_wconf 64' lang='lat'>„45-</span> 
     </span>
    </p>
   </div>
   <div class='ocr_carea' id='block_1_2' title="bbox 131 611 1261 3359">
    <p class='ocr_par' dir='ltr' id='par_1_2' title="bbox 131 611 1260 2823">
     <span class='ocr_line' id='line_1_2' title="bbox 131 611 1255 693; baseline 0 -19"><span class='ocrx_word' id='word_1_2' title='bbox 131 613 256 676; x_wconf 82' lang='lat' dir='ltr'>formas</span> <span class='ocrx_word' id='word_1_3' title='bbox 275 616 366 676; x_wconf 89' lang='lat' dir='ltr'>vocis</span> <span class='ocrx_word' id='word_1_4' title='bbox 387 613 596 693; x_wconf 90' lang='lat' dir='ltr'>dignoscunt,</span> <span class='ocrx_word' id='word_1_5' title='bbox 619 615 787 674; x_wconf 79' lang='lat' dir='ltr'>articulata</span> <span class='ocrx_word' id='word_1_6' title='bbox 807 611 934 674; x_wconf 88' lang='lat' dir='ltr'>scilicet</span> <span class='ocrx_word' id='word_1_7' title='bbox 954 619 986 674; x_wconf 91' lang='lat' dir='ltr'>et</span> <span class='ocrx_word' id='word_1_8' title='bbox 1005 611 1170 688; x_wconf 81' lang='lat' dir='ltr'>consusa¹.</span> <span class='ocrx_word' id='word_1_9' title='bbox 1189 612 1255 676; x_wconf 87' lang='lat' dir='ltr'>Sed</span> 
     </span>
     <span class='ocr_line' id='line_1_3' title="bbox 134 718 1254 798; baseline -0.002 -17"><span class='ocrx_word' id='word_1_10' title='bbox 134 721 274 782; x_wconf 86' lang='lat' dir='ltr'>eandem</span> <span class='ocrx_word' id='word_1_11' title='bbox 293 738 364 782; x_wconf 89' lang='lat' dir='ltr'>esse</span> <span class='ocrx_word' id='word_1_12' title='bbox 383 744 398 774; x_wconf 83' lang='grc'><strong>«</strong></span> <span class='ocrx_word' id='word_1_13' title='bbox 416 719 622 781; x_wconf 86' lang='lat' dir='ltr'>articulatam</span> <span class='ocrx_word' id='word_1_14' title='bbox 640 743 670 789; x_wconf 67' lang='grc' dir='ltr'>ι»,</span> <span class='ocrx_word' id='word_1_15' title='bbox 693 719 831 782; x_wconf 81' lang='lat' dir='ltr'>emrdem</span> <span class='ocrx_word' id='word_1_16' title='bbox 850 719 1045 797; x_wconf 73' lang='lat' dir='ltr'><em>explanatam</em></span> <span class='ocrx_word' id='word_1_17' title='bbox 1065 718 1118 782; x_wconf 89' lang='lat' dir='ltr'>vel</span> <span class='ocrx_word' id='word_1_18' title='bbox 1138 721 1254 798; x_wconf 76' lang='lat' dir='ltr'>riptttfi-</span> 
     </span>
     <span class='ocr_line' id='line_1_4' title="bbox 132 825 1255 903; baseline 0.001 -16"><span class='ocrx_word' id='word_1_19' title='bbox 132 837 264 903; x_wconf 84' lang='lat' dir='ltr'>cantem,</span> <span class='ocrx_word' id='word_1_20' title='bbox 281 825 335 888; x_wconf 92' lang='lat' dir='ltr'>vel</span> <span class='ocrx_word' id='word_1_21' title='bbox 352 827 516 902; x_wconf 81' lang='lat' dir='ltr'>scriptitem</span> <span class='ocrx_word' id='word_1_22' title='bbox 533 826 662 889; x_wconf 89' lang='lat' dir='ltr'>docent.</span> <span class='ocrx_word' id='word_1_23' title='bbox 684 827 808 887; x_wconf 86' lang='lat' dir='ltr'>Marius</span> <span class='ocrx_word' id='word_1_24' title='bbox 823 825 1015 888; x_wconf 74' lang='lat' dir='ltr'>Victorinus</span> <span class='ocrx_word' id='word_1_25' title='bbox 1031 828 1141 888; x_wconf 87' lang='lat' dir='ltr'>enim:</span> <span class='ocrx_word' id='word_1_26' title='bbox 1161 852 1175 880; x_wconf 80' lang='grc'><strong>«</strong></span> <span class='ocrx_word' id='word_1_27' title='bbox 1194 827 1255 888; x_wconf 86' lang='lat' dir='ltr'>Ar-</span> 
     </span>
     <span class='ocr_line' id='line_1_5' title="bbox 133 931 1256 1012; baseline 0.001 -17"><span class='ocrx_word' id='word_1_28' title='bbox 133 932 280 1012; x_wconf 85' lang='lat' dir='ltr'>ticulata,</span> <span class='ocrx_word' id='word_1_29' title='bbox 303 935 360 1012; x_wconf 89' lang='lat' dir='ltr'>ait,</span> <span class='ocrx_word' id='word_1_30' title='bbox 372 979 379 992; x_wconf 90' lang='lat'><em>.</em></span> <span class='ocrx_word' id='word_1_31' title='bbox 392 983 397 993; x_wconf 92' lang='lat'>.</span> <span class='ocrx_word' id='word_1_32' title='bbox 411 978 436 993; x_wconf 90' lang='lat'>..</span> <span class='ocrx_word' id='word_1_33' title='bbox 458 950 478 993; x_wconf 91' lang='lat' dir='ltr'>a</span> <span class='ocrx_word' id='word_1_34' title='bbox 498 931 664 1012; x_wconf 87' lang='lat' dir='ltr'>plerisque</span> <span class='ocrx_word' id='word_1_35' title='bbox 685 931 865 1011; x_wconf 83' lang='lat' dir='ltr'>explanata,</span> <span class='ocrx_word' id='word_1_36' title='bbox 884 949 903 992; x_wconf 88' lang='lat' dir='ltr'>a</span> <span class='ocrx_word' id='word_1_37' title='bbox 921 949 988 994; x_wconf 92' lang='lat' dir='ltr'>non</span> <span class='ocrx_word' id='word_1_38' title='bbox 1008 931 1110 994; x_wconf 90' lang='lat' dir='ltr'>nullis</span> <span class='ocrx_word' id='word_1_39' title='bbox 1126 933 1256 996; x_wconf 83' lang='lat' dir='ltr'>intelle-</span> 
     </span>
     <span class='ocr_line' id='line_1_6' title="bbox 133 1034 1256 1122; baseline -0.002 -20"><span class='ocrx_word' id='word_1_40' title='bbox 133 1039 249 1117; x_wconf 90' lang='lat' dir='ltr'>gibilis</span> <span class='ocrx_word' id='word_1_41' title='bbox 269 1034 331 1122; x_wconf 86' lang='lat'>(=</span> <span class='ocrx_word' id='word_1_42' title='bbox 346 1035 552 1121; x_wconf 86' lang='lat' dir='ltr'>significans)</span> <span class='ocrx_word' id='word_1_43' title='bbox 573 1039 704 1100; x_wconf 87' lang='lat' dir='ltr'>dicitur.</span> <span class='ocrx_word' id='word_1_44' title='bbox 725 1063 739 1092; x_wconf 82' lang='lat'><strong>»</strong></span> <span class='ocrx_word' id='word_1_45' title='bbox 759 1037 800 1099; x_wconf 85' lang='lat' dir='ltr'>Et</span> <span class='ocrx_word' id='word_1_46' title='bbox 815 1037 913 1118; x_wconf 87' lang='lat' dir='ltr'>paulo</span> <span class='ocrx_word' id='word_1_47' title='bbox 932 1037 1020 1100; x_wconf 83' lang='lat' dir='ltr'>infra</span> <span class='ocrx_word' id='word_1_48' title='bbox 1038 1059 1045 1098; x_wconf 92' lang='lat'>:</span> <span class='ocrx_word' id='word_1_49' title='bbox 1066 1064 1080 1094; x_wconf 72' lang='grc' dir='ltr'><strong>α</strong></span> <span class='ocrx_word' id='word_1_50' title='bbox 1100 1039 1170 1101; x_wconf 88' lang='lat' dir='ltr'>Alii</span> <span class='ocrx_word' id='word_1_51' title='bbox 1185 1059 1256 1102; x_wconf 83' lang='lat' dir='ltr'>earn</span> 
     </span>
     <span class='ocr_line' id='line_1_7' title="bbox 134 1133 1256 1227; baseline -0.001 -19"><span class='ocrx_word' id='word_1_52' title='bbox 134 1163 208 1226; x_wconf 80' lang='lat' dir='ltr'>quae</span> <span class='ocrx_word' id='word_1_53' title='bbox 226 1146 347 1208; x_wconf 89' lang='lat' dir='ltr'>dicitnr</span> <span class='ocrx_word' id='word_1_54' title='bbox 361 1146 398 1207; x_wconf 90' lang='lat' dir='ltr'>in</span> <span class='ocrx_word' id='word_1_55' title='bbox 413 1164 475 1208; x_wconf 91' lang='lat' dir='ltr'>usu</span> <span class='ocrx_word' id='word_1_56' title='bbox 490 1144 676 1207; x_wconf 89' lang='lat' dir='ltr'>articularis</span> <span class='ocrx_word' id='word_1_57' title='bbox 691 1144 868 1214; x_wconf 82' lang='lat' dir='ltr'>litteralem</span> <span class='ocrx_word' id='word_1_58' title='bbox 883 1139 937 1227; x_wconf 79' lang='lat' dir='ltr'>(z</span> <span class='ocrx_word' id='word_1_59' title='bbox 956 1133 1150 1227; x_wconf 86' lang='lat' dir='ltr'>scriptilem)</span> <span class='ocrx_word' id='word_1_60' title='bbox 1168 1147 1256 1208; x_wconf 86' lang='lat' dir='ltr'>dixe-</span> 
     </span>
     <span class='ocr_line' id='line_1_8' title="bbox 132 1249 1256 1331; baseline 0 -18"><span class='ocrx_word' id='word_1_61' title='bbox 132 1259 212 1314; x_wconf 88' lang='lat' dir='ltr'>runt</span> <span class='ocrx_word' id='word_1_62' title='bbox 222 1250 244 1313; x_wconf 77' lang='lat'>².</span> <span class='ocrx_word' id='word_1_63' title='bbox 260 1277 274 1304; x_wconf 81' lang='lat'><strong>»</strong></span> <span class='ocrx_word' id='word_1_64' title='bbox 293 1252 355 1312; x_wconf 92' lang='lat' dir='ltr'>His</span> <span class='ocrx_word' id='word_1_65' title='bbox 371 1258 478 1313; x_wconf 89' lang='lat' dir='ltr'>tamen</span> <span class='ocrx_word' id='word_1_66' title='bbox 496 1251 635 1314; x_wconf 89' lang='lat' dir='ltr'>diversis</span> <span class='ocrx_word' id='word_1_67' title='bbox 651 1249 928 1331; x_wconf 80' lang='lat' dir='ltr'>appellationibus</span> <span class='ocrx_word' id='word_1_68' title='bbox 945 1250 1090 1314; x_wconf 85' lang='lat' dir='ltr'>diversas</span> <span class='ocrx_word' id='word_1_69' title='bbox 1105 1255 1256 1315; x_wconf 88' lang='lat' dir='ltr'>notiones</span> 
     </span>
     <span class='ocr_line' id='line_1_9' title="bbox 134 1356 1256 1438; baseline -0.002 -18"><span class='ocrx_word' id='word_1_70' title='bbox 134 1359 337 1436; x_wconf 86' lang='lat' dir='ltr'>significatas</span> <span class='ocrx_word' id='word_1_71' title='bbox 353 1358 548 1438; x_wconf 86' lang='lat' dir='ltr'>diversaque</span> <span class='ocrx_word' id='word_1_72' title='bbox 562 1357 721 1420; x_wconf 83' lang='lat' dir='ltr'>vocabula</span> <span class='ocrx_word' id='word_1_73' title='bbox 735 1375 841 1434; x_wconf 85' lang='lat' dir='ltr'>graeca</span> <span class='ocrx_word' id='word_1_74' title='bbox 850 1356 1006 1420; x_wconf 86' lang='lat' dir='ltr'>translata</span> <span class='ocrx_word' id='word_1_75' title='bbox 1016 1376 1087 1420; x_wconf 88' lang='lat' dir='ltr'>esse</span> <span class='ocrx_word' id='word_1_76' title='bbox 1102 1359 1256 1420; x_wconf 84' lang='lat' dir='ltr'>manifes-</span> 
     </span>
     <span class='ocr_line' id='line_1_10' title="bbox 134 1462 1257 1548; baseline 0 -23"><span class='ocrx_word' id='word_1_77' title='bbox 134 1472 205 1526; x_wconf 91' lang='lat' dir='ltr'>tum</span> <span class='ocrx_word' id='word_1_78' title='bbox 221 1474 282 1526; x_wconf 90' lang='lat' dir='ltr'>est.</span> <span class='ocrx_word' id='word_1_79' title='bbox 305 1463 456 1526; x_wconf 73' lang='lat' dir='ltr'>Graecum</span> <span class='ocrx_word' id='word_1_80' title='bbox 476 1468 567 1526; x_wconf 89' lang='lat' dir='ltr'>enim</span> <span class='ocrx_word' id='word_1_81' title='bbox 581 1463 777 1526; x_wconf 87' lang='lat' dir='ltr'>vocabulum</span> <span class='ocrx_word' id='word_1_82' title='bbox 797 1462 934 1548; x_wconf 66' lang='grc' dir='ltr'>ἔναρθρος</span> <span class='ocrx_word' id='word_1_83' title='bbox 949 1464 1019 1544; x_wconf 87' lang='lat' dir='ltr'>alii,</span> <span class='ocrx_word' id='word_1_84' title='bbox 1039 1483 1172 1526; x_wconf 89' lang='lat' dir='ltr'>sensum</span> <span class='ocrx_word' id='word_1_85' title='bbox 1188 1471 1257 1526; x_wconf 87' lang='lat' dir='ltr'>tan-</span> 
     </span>
     <span class='ocr_line' id='line_1_11' title="bbox 136 1569 1254 1657; baseline 0.001 -26"><span class='ocrx_word' id='word_1_86' title='bbox 136 1579 206 1634; x_wconf 91' lang='lat' dir='ltr'>tum</span> <span class='ocrx_word' id='word_1_87' title='bbox 225 1574 455 1651; x_wconf 86' lang='lat' dir='ltr'>respicientes,</span> <span class='ocrx_word' id='word_1_88' title='bbox 479 1590 538 1650; x_wconf 86' lang='lat' dir='ltr'>per</span> <span class='ocrx_word' id='word_1_89' title='bbox 556 1596 569 1623; x_wconf 71' lang='grc' dir='ltr'><strong><em>ι</em></strong></span> <span class='ocrx_word' id='word_1_90' title='bbox 590 1569 795 1657; x_wconf 77' lang='lat' dir='ltr'>explanatam</span> <span class='ocrx_word' id='word_1_91' title='bbox 813 1595 827 1623; x_wconf 72' lang='grc' dir='ltr'>ι</span> <span class='ocrx_word' id='word_1_92' title='bbox 851 1569 904 1632; x_wconf 89' lang='lat' dir='ltr'>vel</span> <span class='ocrx_word' id='word_1_93' title='bbox 928 1595 942 1622; x_wconf 71' lang='grc' dir='ltr'>ι</span> <span class='ocrx_word' id='word_1_94' title='bbox 961 1569 1221 1651; x_wconf 77' lang='lat' dir='ltr'>explauauvam³</span> <span class='ocrx_word' id='word_1_95' title='bbox 1240 1597 1254 1624; x_wconf 88' lang='lat'>&gt;›</span> 
     </span>
     <span class='ocr_line' id='line_1_12' title="bbox 135 1675 1258 1757; baseline -0.002 -18"><span class='ocrx_word' id='word_1_96' title='bbox 135 1677 369 1757; x_wconf 70' lang='lat' dir='ltr'>reddiderunt,</span> <span class='ocrx_word' id='word_1_97' title='bbox 391 1676 450 1738; x_wconf 90' lang='lat' dir='ltr'>alii</span> <span class='ocrx_word' id='word_1_98' title='bbox 473 1679 618 1739; x_wconf 81' lang='lat' dir='ltr'>exactius</span> <span class='ocrx_word' id='word_1_99' title='bbox 640 1680 675 1738; x_wconf 92' lang='lat' dir='ltr'>in</span> <span class='ocrx_word' id='word_1_100' title='bbox 700 1675 939 1739; x_wconf 81' lang='lat' dir='ltr'>«articulatam</span> <span class='ocrx_word' id='word_1_101' title='bbox 957 1701 972 1730; x_wconf 83' lang='lat'><strong>»</strong></span> <span class='ocrx_word' id='word_1_102' title='bbox 997 1676 1049 1739; x_wconf 92' lang='lat' dir='ltr'>vel</span> <span class='ocrx_word' id='word_1_103' title='bbox 1074 1703 1089 1731; x_wconf 86' lang='lat'>«</span> <span class='ocrx_word' id='word_1_104' title='bbox 1107 1678 1258 1740; x_wconf 85' lang='lat' dir='ltr'>articula-</span> 
     </span>
     <span class='ocr_line' id='line_1_13' title="bbox 136 1781 1260 1865; baseline 0 -19"><span class='ocrx_word' id='word_1_105' title='bbox 136 1781 220 1846; x_wconf 85' lang='lat' dir='ltr'>rem⁴</span> <span class='ocrx_word' id='word_1_106' title='bbox 233 1808 247 1837; x_wconf 73' lang='grc' dir='ltr'><strong>ι</strong></span> <span class='ocrx_word' id='word_1_107' title='bbox 263 1791 504 1846; x_wconf 84' lang='lat' dir='ltr'>converterunt.</span> <span class='ocrx_word' id='word_1_108' title='bbox 515 1783 560 1846; x_wconf 89' lang='lat' dir='ltr'>Hi</span> <span class='ocrx_word' id='word_1_109' title='bbox 569 1800 645 1846; x_wconf 90' lang='lat' dir='ltr'>vero</span> <span class='ocrx_word' id='word_1_110' title='bbox 656 1801 723 1846; x_wconf 89' lang='lat' dir='ltr'>non</span> <span class='ocrx_word' id='word_1_111' title='bbox 734 1782 981 1864; x_wconf 84' lang='lat' dir='ltr'>intellegebant,</span> <span class='ocrx_word' id='word_1_112' title='bbox 992 1802 1057 1864; x_wconf 87' lang='lat' dir='ltr'>qua</span> <span class='ocrx_word' id='word_1_113' title='bbox 1067 1785 1260 1865; x_wconf 81' lang='lat' dir='ltr'>metaphora</span> 
     </span>
     <span class='ocr_line' id='line_1_14' title="bbox 135 1881 1258 1974; baseline -0.001 -21"><span class='ocrx_word' id='word_1_114' title='bbox 135 1893 187 1954; x_wconf 88' lang='lat' dir='ltr'>usi</span> <span class='ocrx_word' id='word_1_115' title='bbox 204 1889 314 1952; x_wconf 82' lang='lat' dir='ltr'>Graeci</span> <span class='ocrx_word' id='word_1_116' title='bbox 328 1881 464 1974; x_wconf 69' lang='lat' dir='ltr'>inaptpon</span> <span class='ocrx_word' id='word_1_117' title='bbox 478 1893 738 1970; x_wconf 85' lang='lat' dir='ltr'>usurpavissent,</span> <span class='ocrx_word' id='word_1_118' title='bbox 758 1897 789 1952; x_wconf 88' lang='lat' dir='ltr'>at</span> <span class='ocrx_word' id='word_1_119' title='bbox 808 1890 1041 1952; x_wconf 83' lang='lat' dir='ltr'>«articulatam</span> <span class='ocrx_word' id='word_1_120' title='bbox 1059 1915 1072 1943; x_wconf 69' lang='grc' dir='ltr'><strong>ι</strong></span> <span class='ocrx_word' id='word_1_121' title='bbox 1090 1909 1203 1954; x_wconf 89' lang='lat' dir='ltr'>vocem</span> <span class='ocrx_word' id='word_1_122' title='bbox 1219 1895 1258 1953; x_wconf 92' lang='lat' dir='ltr'>ab</span> 
     </span>
     <span class='ocr_line' id='line_1_15' title="bbox 138 1996 1259 2076; baseline 0.001 -17"><span class='ocrx_word' id='word_1_123' title='bbox 138 2021 152 2049; x_wconf 81' lang='grc'><strong>«</strong></span> <span class='ocrx_word' id='word_1_124' title='bbox 170 1997 387 2075; x_wconf 89' lang='lat' dir='ltr'>intellegibili</span> <span class='ocrx_word' id='word_1_125' title='bbox 401 2022 415 2049; x_wconf 67' lang='grc' dir='ltr'><strong>ι</strong></span> <span class='ocrx_word' id='word_1_126' title='bbox 434 2005 465 2059; x_wconf 89' lang='lat' dir='ltr'>et</span> <span class='ocrx_word' id='word_1_127' title='bbox 482 2022 497 2050; x_wconf 64' lang='grc' dir='ltr'><strong>κ</strong></span> <span class='ocrx_word' id='word_1_128' title='bbox 514 1996 672 2059; x_wconf 79' lang='lat' dir='ltr'>litterali⁵</span> <span class='ocrx_word' id='word_1_129' title='bbox 686 2022 700 2049; x_wconf 67' lang='grc' dir='ltr'><strong>ι</strong></span> <span class='ocrx_word' id='word_1_130' title='bbox 719 2014 786 2058; x_wconf 92' lang='lat' dir='ltr'>non</span> <span class='ocrx_word' id='word_1_131' title='bbox 802 1997 1045 2060; x_wconf 86' lang='lat' dir='ltr'>discernebant.</span> <span class='ocrx_word' id='word_1_132' title='bbox 1064 1998 1146 2060; x_wconf 84' lang='lat' dir='ltr'>Inde</span> <span class='ocrx_word' id='word_1_133' title='bbox 1160 1997 1259 2076; x_wconf 88' lang='lat' dir='ltr'>longe</span> 
     </span>
     <span class='ocr_line' id='line_1_16' title="bbox 136 2102 1260 2184; baseline 0.001 -20"><span class='ocrx_word' id='word_1_134' title='bbox 136 2120 245 2166; x_wconf 83' lang='lat' dir='ltr'>avaro</span> <span class='ocrx_word' id='word_1_135' title='bbox 262 2103 402 2181; x_wconf 83' lang='lat' dir='ltr'>digressi</span> <span class='ocrx_word' id='word_1_136' title='bbox 417 2110 505 2183; x_wconf 88' lang='lat' dir='ltr'>sunt,</span> <span class='ocrx_word' id='word_1_137' title='bbox 523 2103 623 2184; x_wconf 87' lang='lat' dir='ltr'>siqui</span> <span class='ocrx_word' id='word_1_138' title='bbox 641 2107 803 2180; x_wconf 84' lang='lat' dir='ltr'>originem</span> <span class='ocrx_word' id='word_1_139' title='bbox 819 2112 850 2164; x_wconf 90' lang='lat' dir='ltr'>et</span> <span class='ocrx_word' id='word_1_140' title='bbox 865 2102 1099 2182; x_wconf 81' lang='lat' dir='ltr'>etymologiam</span> <span class='ocrx_word' id='word_1_141' title='bbox 1108 2105 1260 2166; x_wconf 87' lang='lat' dir='ltr'>vocabuli</span> 
     </span>
     <span class='ocr_line' id='line_1_17' title="bbox 141 2208 1260 2288; baseline 0 -18"><span class='ocrx_word' id='word_1_142' title='bbox 141 2209 346 2272; x_wconf 81' lang='lat' dir='ltr'>«articulata</span> <span class='ocrx_word' id='word_1_143' title='bbox 362 2235 376 2262; x_wconf 81' lang='lat'><strong>»</strong></span> <span class='ocrx_word' id='word_1_144' title='bbox 401 2213 599 2288; x_wconf 87' lang='lat' dir='ltr'>investigare</span> <span class='ocrx_word' id='word_1_145' title='bbox 619 2213 846 2273; x_wconf 87' lang='lat' dir='ltr'>instituerunt.</span> <span class='ocrx_word' id='word_1_146' title='bbox 871 2208 1046 2288; x_wconf 86' lang='lat' dir='ltr'>Significat</span> <span class='ocrx_word' id='word_1_147' title='bbox 1061 2215 1149 2272; x_wconf 91' lang='lat' dir='ltr'>enim</span> <span class='ocrx_word' id='word_1_148' title='bbox 1170 2209 1260 2271; x_wconf 92' lang='lat' dir='ltr'>Pris-</span> 
     </span>
     <span class='ocr_line' id='line_1_18' title="bbox 139 2315 1260 2396; baseline -0.001 -18"><span class='ocrx_word' id='word_1_149' title='bbox 139 2315 275 2379; x_wconf 81' lang='lat' dir='ltr'>cianus⁸</span> <span class='ocrx_word' id='word_1_150' title='bbox 290 2318 331 2378; x_wconf 89' lang='lat' dir='ltr'>ab</span> <span class='ocrx_word' id='word_1_151' title='bbox 349 2341 363 2369; x_wconf 87' lang='grc'><strong>«</strong></span> <span class='ocrx_word' id='word_1_152' title='bbox 381 2317 543 2378; x_wconf 83' lang='lat' dir='ltr'>artando»</span> <span class='ocrx_word' id='word_1_153' title='bbox 560 2317 597 2379; x_wconf 91' lang='lat' dir='ltr'>id</span> <span class='ocrx_word' id='word_1_154' title='bbox 611 2317 763 2396; x_wconf 87' lang='lat' dir='ltr'>derivari,</span> <span class='ocrx_word' id='word_1_155' title='bbox 781 2316 870 2396; x_wconf 90' lang='lat' dir='ltr'>quod</span> <span class='ocrx_word' id='word_1_156' title='bbox 884 2317 1029 2379; x_wconf 83' lang='lat' dir='ltr'>humana</span> <span class='ocrx_word' id='word_1_157' title='bbox 1042 2335 1105 2380; x_wconf 81' lang='lat' dir='ltr'>vox</span> <span class='ocrx_word' id='word_1_158' title='bbox 1119 2324 1260 2379; x_wconf 87' lang='lat' dir='ltr'>coartata</span> 
     </span>
     <span class='ocr_line' id='line_1_19' title="bbox 139 2421 1259 2504; baseline 0.001 -21"><span class='ocrx_word' id='word_1_159' title='bbox 139 2425 180 2484; x_wconf 89' lang='lat' dir='ltr'>sit</span> <span class='ocrx_word' id='word_1_160' title='bbox 195 2441 271 2486; x_wconf 88' lang='lat' dir='ltr'>cum</span> <span class='ocrx_word' id='word_1_161' title='bbox 287 2421 398 2504; x_wconf 81' lang='lat' dir='ltr'>aliquo</span> <span class='ocrx_word' id='word_1_162' title='bbox 413 2441 525 2485; x_wconf 76' lang='lat' dir='ltr'>seiisu.</span> <span class='ocrx_word' id='word_1_163' title='bbox 543 2423 669 2485; x_wconf 90' lang='lat' dir='ltr'>Docent</span> <span class='ocrx_word' id='word_1_164' title='bbox 683 2423 742 2485; x_wconf 89' lang='lat' dir='ltr'>alii</span> <span class='ocrx_word' id='word_1_165' title='bbox 758 2424 797 2485; x_wconf 90' lang='lat' dir='ltr'>ab</span> <span class='ocrx_word' id='word_1_166' title='bbox 815 2448 829 2476; x_wconf 71' lang='grc' dir='ltr'><em>α</em></span> <span class='ocrx_word' id='word_1_167' title='bbox 844 2428 911 2484; x_wconf 87' lang='lat' dir='ltr'>arte</span> <span class='ocrx_word' id='word_1_168' title='bbox 927 2447 940 2475; x_wconf 73' lang='grc' dir='ltr'><strong>ι</strong></span> <span class='ocrx_word' id='word_1_169' title='bbox 959 2423 1035 2503; x_wconf 92' lang='lat' dir='ltr'>dici,</span> <span class='ocrx_word' id='word_1_170' title='bbox 1054 2423 1140 2503; x_wconf 85' lang='lat' dir='ltr'>quod</span> <span class='ocrx_word' id='word_1_171' title='bbox 1156 2431 1259 2485; x_wconf 86' lang='lat' dir='ltr'>artem</span> 
     </span>
     <span class='ocr_line' id='line_1_20' title="bbox 138 2528 1259 2609; baseline 0.002 -19"><span class='ocrx_word' id='word_1_172' title='bbox 138 2529 256 2593; x_wconf 87' lang='lat' dir='ltr'>habeat</span> <span class='ocrx_word' id='word_1_173' title='bbox 275 2537 333 2591; x_wconf 87' lang='lat' dir='ltr'>ant</span> <span class='ocrx_word' id='word_1_174' title='bbox 352 2533 513 2609; x_wconf 75' lang='lat' dir='ltr'>exprimat</span> <span class='ocrx_word' id='word_1_175' title='bbox 526 2547 588 2592; x_wconf 83' lang='lat' dir='ltr'>vox</span> <span class='ocrx_word' id='word_1_176' title='bbox 603 2530 774 2593; x_wconf 87' lang='lat' dir='ltr'>articulata</span> <span class='ocrx_word' id='word_1_177' title='bbox 785 2528 807 2590; x_wconf 84' lang='lat'>⁷.</span> <span class='ocrx_word' id='word_1_178' title='bbox 832 2529 930 2591; x_wconf 91' lang='lat' dir='ltr'>Multi</span> <span class='ocrx_word' id='word_1_179' title='bbox 945 2533 1044 2590; x_wconf 87' lang='lat' dir='ltr'>etiam</span> <span class='ocrx_word' id='word_1_180' title='bbox 1063 2530 1203 2593; x_wconf 88' lang='lat' dir='ltr'>absurde</span> <span class='ocrx_word' id='word_1_181' title='bbox 1219 2533 1259 2592; x_wconf 89' lang='lat' dir='ltr'>ab</span> 
     </span>
     <span class='ocr_line' id='line_1_21' title="bbox 142 2635 1259 2717; baseline -0.001 -19"><span class='ocrx_word' id='word_1_182' title='bbox 142 2660 156 2689; x_wconf 71' lang='grc' dir='ltr'><strong><em>κ</em></strong></span> <span class='ocrx_word' id='word_1_183' title='bbox 173 2635 377 2717; x_wconf 82' lang='lat' dir='ltr'>articulis»,</span> <span class='ocrx_word' id='word_1_184' title='bbox 405 2636 441 2697; x_wconf 91' lang='lat' dir='ltr'>id</span> <span class='ocrx_word' id='word_1_185' title='bbox 465 2645 513 2698; x_wconf 89' lang='lat' dir='ltr'>est</span> <span class='ocrx_word' id='word_1_186' title='bbox 539 2637 653 2714; x_wconf 87' lang='lat' dir='ltr'>digitis</span> <span class='ocrx_word' id='word_1_187' title='bbox 674 2641 733 2716; x_wconf 88' lang='lat' dir='ltr'>qui</span> <span class='ocrx_word' id='word_1_188' title='bbox 757 2638 926 2716; x_wconf 86' lang='lat' dir='ltr'>scribunt,</span> <span class='ocrx_word' id='word_1_189' title='bbox 953 2641 1116 2715; x_wconf 88' lang='lat' dir='ltr'>originem</span> <span class='ocrx_word' id='word_1_190' title='bbox 1141 2637 1259 2698; x_wconf 84' lang='lat' dir='ltr'>ducere</span> 
     </span>
     <span class='ocr_line' id='line_1_22' title="bbox 140 2743 348 2823; baseline 0.005 -19"><span class='ocrx_word' id='word_1_191' title='bbox 140 2743 348 2823; x_wconf 81' lang='lat' dir='ltr'>opina11tur⁸.</span> 
     </span>
    </p>

    <p class='ocr_par' dir='ltr' id='par_1_3' title="bbox 140 2848 1259 3044">
     <span class='ocr_line' id='line_1_23' title="bbox 184 2848 1259 2934; baseline -0.002 -22"><span class='ocrx_word' id='word_1_192' title='bbox 184 2874 198 2902; x_wconf 81' lang='grc'><strong>«</strong></span> <span class='ocrx_word' id='word_1_193' title='bbox 209 2848 446 2928; x_wconf 88' lang='lat' dir='ltr'>Intellegibilis</span> <span class='ocrx_word' id='word_1_194' title='bbox 457 2874 472 2904; x_wconf 74' lang='grc' dir='ltr'><strong><em>ι</em></strong></span> <span class='ocrx_word' id='word_1_195' title='bbox 490 2857 599 2912; x_wconf 87' lang='lat' dir='ltr'>autem</span> <span class='ocrx_word' id='word_1_196' title='bbox 615 2858 647 2912; x_wconf 86' lang='lat' dir='ltr'>et</span> <span class='ocrx_word' id='word_1_197' title='bbox 660 2875 673 2903; x_wconf 76' lang='grc' dir='ltr'><strong><em>ι</em></strong></span> <span class='ocrx_word' id='word_1_198' title='bbox 685 2849 876 2926; x_wconf 85' lang='lat' dir='ltr'>significans</span> <span class='ocrx_word' id='word_1_199' title='bbox 888 2874 903 2903; x_wconf 86' lang='grc'>»</span> <span class='ocrx_word' id='word_1_200' title='bbox 916 2849 1114 2934; x_wconf 74' lang='grc' dir='ltr'>σημαντικῇ9</span> <span class='ocrx_word' id='word_1_201' title='bbox 1125 2868 1259 2930; x_wconf 92' lang='lat' dir='ltr'>respon-</span> 
     </span>
     <span class='ocr_line' id='line_1_24' title="bbox 140 2953 1073 3044; baseline 0.005 -28"><span class='ocrx_word' id='word_1_202' title='bbox 140 2955 232 3036; x_wconf 74' lang='lat' dir='ltr'>dent,</span> <span class='ocrx_word' id='word_1_203' title='bbox 253 2981 267 3012; x_wconf 84' lang='lat'><strong>‹</strong></span> <span class='ocrx_word' id='word_1_204' title='bbox 286 2955 440 3019; x_wconf 91' lang='lat' dir='ltr'>litteralis</span> <span class='ocrx_word' id='word_1_205' title='bbox 452 2954 474 2984; x_wconf 92' lang='lat'>¹⁰</span> <span class='ocrx_word' id='word_1_206' title='bbox 492 2982 505 3010; x_wconf 71' lang='grc' dir='ltr'><strong>ι</strong></span> <span class='ocrx_word' id='word_1_207' title='bbox 525 2963 557 3018; x_wconf 90' lang='lat' dir='ltr'>et</span> <span class='ocrx_word' id='word_1_208' title='bbox 574 2981 589 3010; x_wconf 87' lang='lat'>‹</span> <span class='ocrx_word' id='word_1_209' title='bbox 607 2956 766 3037; x_wconf 86' lang='lat' dir='ltr'>scriptilis</span> <span class='ocrx_word' id='word_1_210' title='bbox 778 2955 799 2986; x_wconf 88' lang='lat'>¹¹</span> <span class='ocrx_word' id='word_1_211' title='bbox 818 2980 833 3010; x_wconf 82' lang='lat'><strong>»</strong></span> <span class='ocrx_word' id='word_1_212' title='bbox 852 2953 1073 3044; x_wconf 77' lang='grc' dir='ltr'>ἐγγραμμάτῳ.</span> 
     </span>
    </p>

    <p class='ocr_par' dir='ltr' id='par_1_4' title="bbox 140 3062 1261 3359">
     <span class='ocr_line' id='line_1_25' title="bbox 182 3062 1259 3145; baseline -0.001 -20"><span class='ocrx_word' id='word_1_213' title='bbox 182 3064 212 3125; x_wconf 92' lang='grc' dir='ltr'><strong>Α</strong></span> <span class='ocrx_word' id='word_1_214' title='bbox 227 3063 396 3145; x_wconf 87' lang='lat' dir='ltr'>plerisque</span> <span class='ocrx_word' id='word_1_215' title='bbox 412 3066 576 3126; x_wconf 82' lang='lat' dir='ltr'>articulata</span> <span class='ocrx_word' id='word_1_216' title='bbox 587 3082 647 3127; x_wconf 87' lang='lat' dir='ltr'>vox</span> <span class='ocrx_word' id='word_1_217' title='bbox 663 3066 790 3139; x_wconf 80' lang='lat' dir='ltr'>confusa</span> <span class='ocrx_word' id='word_1_218' title='bbox 806 3067 994 3145; x_wconf 88' lang='lat' dir='ltr'>opponitur,</span> <span class='ocrx_word' id='word_1_219' title='bbox 1012 3081 1111 3143; x_wconf 86' lang='lat' dir='ltr'>quam</span> <span class='ocrx_word' id='word_1_220' title='bbox 1126 3062 1259 3126; x_wconf 74' lang='lat' dir='ltr'>Graecos</span> 
     </span>
     <span class='ocr_line' id='line_1_26' title="bbox 140 3168 1259 3251; baseline 0.003 -23"><span class='ocrx_word' id='word_1_221' title='bbox 140 3169 419 3251; x_wconf 89' lang='lat' dir='ltr'>aliquopeculiari</span> <span class='ocrx_word' id='word_1_222' title='bbox 429 3172 529 3233; x_wconf 82' lang='lat' dir='ltr'>verbo</span> <span class='ocrx_word' id='word_1_223' title='bbox 538 3171 763 3248; x_wconf 88' lang='lat' dir='ltr'>designavissc</span> <span class='ocrx_word' id='word_1_224' title='bbox 773 3188 841 3233; x_wconf 91' lang='lat' dir='ltr'>non</span> <span class='ocrx_word' id='word_1_225' title='bbox 851 3174 992 3250; x_wconf 79' lang='lat' dir='ltr'>repperi,</span> <span class='ocrx_word' id='word_1_226' title='bbox 1006 3177 1038 3231; x_wconf 91' lang='lat' dir='ltr'>et</span> <span class='ocrx_word' id='word_1_227' title='bbox 1048 3188 1067 3230; x_wconf 92' lang='lat' dir='ltr'>a</span> <span class='ocrx_word' id='word_1_228' title='bbox 1077 3168 1203 3232; x_wconf 91' lang='lat' dir='ltr'>Latinis</span> <span class='ocrx_word' id='word_1_229' title='bbox 1211 3173 1259 3231; x_wconf 88' lang='lat' dir='ltr'>sic</span> 
     </span>
     <span class='ocr_line' id='line_1_27' title="bbox 140 3273 1261 3359; baseline 0 -23"><span class='ocrx_word' id='word_1_230' title='bbox 140 3280 342 3340; x_wconf 89' lang='lat' dir='ltr'>nominatam</span> <span class='ocrx_word' id='word_1_231' title='bbox 361 3296 433 3341; x_wconf 88' lang='lat' dir='ltr'>esse</span> <span class='ocrx_word' id='word_1_232' title='bbox 454 3279 606 3359; x_wconf 80' lang='lat' dir='ltr'>arbitror,</span> <span class='ocrx_word' id='word_1_233' title='bbox 624 3278 724 3358; x_wconf 86' lang='lat' dir='ltr'>quod,</span> <span class='ocrx_word' id='word_1_234' title='bbox 751 3273 1178 3355; x_wconf 72' lang='lat' dir='ltr'>a&#39;immoderateprofnsa1²</span> <span class='ocrx_word' id='word_1_235' title='bbox 1196 3299 1211 3330; x_wconf 83' lang='lat'><strong>»</strong></span> <span class='ocrx_word' id='word_1_236' title='bbox 1229 3283 1261 3337; x_wconf 88' lang='lat' dir='ltr'>et</span> 
     </span>
    </p>
   </div>
   <div class='ocr_carea' id='block_1_3' title="bbox 142 3456 1260 4318">
    <p class='ocr_par' dir='ltr' id='par_1_5' title="bbox 166 3456 1112 3516">
     <span class='ocr_line' id='line_1_28' title="bbox 166 3456 1112 3516; baseline 0 -14"><span class='ocrx_word' id='word_1_237' title='bbox 166 3466 185 3502; x_wconf 93' lang='lat'>1.</span> <span class='ocrx_word' id='word_1_238' title='bbox 200 3458 235 3504; x_wconf 84' lang='lat' dir='ltr'>ct.</span> <span class='ocrx_word' id='word_1_239' title='bbox 246 3458 349 3512; x_wconf 71' lang='lat' dir='ltr'>Victor,</span> <span class='ocrx_word' id='word_1_240' title='bbox 359 3458 387 3503; x_wconf 86' lang='grc' dir='ltr'>Κ.</span> <span class='ocrx_word' id='word_1_241' title='bbox 399 3457 438 3510; x_wconf 86' lang='lat' dir='ltr'>vt,</span> <span class='ocrx_word' id='word_1_242' title='bbox 448 3465 474 3514; x_wconf 77' lang='lat'>43</span> <span class='ocrx_word' id='word_1_243' title='bbox 485 3459 580 3514; x_wconf 80' lang='lat' dir='ltr'>Donat,</span> <span class='ocrx_word' id='word_1_244' title='bbox 591 3458 619 3503; x_wconf 89' lang='grc' dir='ltr'>Κ.</span> <span class='ocrx_word' id='word_1_245' title='bbox 631 3459 669 3513; x_wconf 89' lang='lat' dir='ltr'>IV,</span> <span class='ocrx_word' id='word_1_246' title='bbox 681 3471 704 3516; x_wconf 93' lang='lat' dir='ltr'>p.</span> <span class='ocrx_word' id='word_1_247' title='bbox 716 3464 770 3513; x_wconf 72' lang='lat'>³6⁷3</span> <span class='ocrx_word' id='word_1_248' title='bbox 780 3456 900 3511; x_wconf 87' lang='lat' dir='ltr'>Diomed,</span> <span class='ocrx_word' id='word_1_249' title='bbox 911 3457 939 3502; x_wconf 89' lang='grc' dir='ltr'>Κ.</span> <span class='ocrx_word' id='word_1_250' title='bbox 950 3457 968 3511; x_wconf 91' lang='grc' dir='ltr'>Ι,</span> <span class='ocrx_word' id='word_1_251' title='bbox 979 3467 1003 3513; x_wconf 89' lang='lat' dir='ltr'>p.</span> <span class='ocrx_word' id='word_1_252' title='bbox 1014 3461 1062 3509; x_wconf 71' lang='lat'>480,</span> <span class='ocrx_word' id='word_1_253' title='bbox 1074 3459 1112 3502; x_wconf 87' lang='lat' dir='ltr'>etc</span> 
     </span>
    </p>

    <p class='ocr_par' dir='ltr' id='par_1_6' title="bbox 142 3515 1260 3639">
     <span class='ocr_line' id='line_1_29' title="bbox 166 3515 1260 3575; baseline -0.001 -12"><span class='ocrx_word' id='word_1_254' title='bbox 166 3524 185 3563; x_wconf 77' lang='lat' dir='ltr'>a.</span> <span class='ocrx_word' id='word_1_255' title='bbox 200 3519 235 3566; x_wconf 82' lang='lat' dir='ltr'>ct.</span> <span class='ocrx_word' id='word_1_256' title='bbox 253 3519 374 3575; x_wconf 83' lang='lat' dir='ltr'>Diomed,</span> <span class='ocrx_word' id='word_1_257' title='bbox 392 3518 408 3564; x_wconf 88' lang='lat' dir='ltr'>t.</span> <span class='ocrx_word' id='word_1_258' title='bbox 426 3531 464 3564; x_wconf 75' lang='lat' dir='ltr'>a:</span> <span class='ocrx_word' id='word_1_259' title='bbox 482 3518 620 3566; x_wconf 68' lang='lat' dir='ltr'>articulata</span> <span class='ocrx_word' id='word_1_260' title='bbox 636 3523 672 3565; x_wconf 87' lang='lat' dir='ltr'>est</span> <span class='ocrx_word' id='word_1_261' title='bbox 689 3519 817 3564; x_wconf 85' lang='lat' dir='ltr'>rationalis</span> <span class='ocrx_word' id='word_1_262' title='bbox 833 3519 964 3564; x_wconf 90' lang='lat' dir='ltr'>hominum</span> <span class='ocrx_word' id='word_1_263' title='bbox 981 3517 1099 3575; x_wconf 82' lang='lat' dir='ltr'>loquellis</span> <span class='ocrx_word' id='word_1_264' title='bbox 1115 3515 1260 3573; x_wconf 75' lang='lat' dir='ltr'>explanata.</span> 
     </span>
     <span class='ocr_line' id='line_1_30' title="bbox 142 3579 727 3639; baseline -0.002 -13"><span class='ocrx_word' id='word_1_265' title='bbox 142 3581 227 3627; x_wconf 82' lang='lat' dir='ltr'>Eadem</span> <span class='ocrx_word' id='word_1_266' title='bbox 239 3583 263 3626; x_wconf 90' lang='lat' dir='ltr'>et</span> <span class='ocrx_word' id='word_1_267' title='bbox 273 3579 389 3627; x_wconf 79' lang='lat' dir='ltr'>litteralia</span> <span class='ocrx_word' id='word_1_268' title='bbox 401 3581 440 3627; x_wconf 92' lang='lat' dir='ltr'>vel</span> <span class='ocrx_word' id='word_1_269' title='bbox 450 3580 570 3638; x_wconf 71' lang='lat' dir='ltr'>scriptito</span> <span class='ocrx_word' id='word_1_270' title='bbox 581 3582 727 3639; x_wconf 86' lang='lat' dir='ltr'>appellatur.</span> 
     </span>
    </p>

    <p class='ocr_par' dir='ltr' id='par_1_7' title="bbox 167 3641 426 3700">
     <span class='ocr_line' id='line_1_31' title="bbox 167 3641 426 3700; baseline -0.004 -12"><span class='ocrx_word' id='word_1_271' title='bbox 167 3649 187 3688; x_wconf 83' lang='lat' dir='ltr'>t.</span> <span class='ocrx_word' id='word_1_272' title='bbox 200 3644 257 3689; x_wconf 84' lang='lat' dir='ltr'>Mar.</span> <span class='ocrx_word' id='word_1_273' title='bbox 268 3645 370 3700; x_wconf 68' lang='lat' dir='ltr'>Victor,</span> <span class='ocrx_word' id='word_1_274' title='bbox 380 3641 396 3690; x_wconf 89' lang='lat' dir='ltr'>l.</span> <span class='ocrx_word' id='word_1_275' title='bbox 407 3655 426 3688; x_wconf 82' lang='lat' dir='ltr'>a.</span> 
     </span>
    </p>

    <p class='ocr_par' dir='ltr' id='par_1_8' title="bbox 166 3706 234 3752">
     <span class='ocr_line' id='line_1_32' title="bbox 166 3706 234 3752; baseline 0.015 -3"><span class='ocrx_word' id='word_1_276' title='bbox 166 3712 186 3749; x_wconf 81' lang='lat' dir='ltr'>t.</span> <span class='ocrx_word' id='word_1_277' title='bbox 201 3706 234 3752; x_wconf 92' lang='lat' dir='ltr'>ld.</span> 
     </span>
    </p>

    <p class='ocr_par' dir='ltr' id='par_1_9' title="bbox 143 3764 1260 3882">
     <span class='ocr_line' id='line_1_33' title="bbox 166 3764 1260 3824; baseline -0.004 -11"><span class='ocrx_word' id='word_1_278' title='bbox 166 3772 186 3812; x_wconf 85' lang='lat' dir='ltr'>o.</span> <span class='ocrx_word' id='word_1_279' title='bbox 200 3766 311 3813; x_wconf 83' lang='lat' dir='ltr'>Eandem</span> <span class='ocrx_word' id='word_1_280' title='bbox 328 3777 381 3813; x_wconf 88' lang='lat' dir='ltr'>esse</span> <span class='ocrx_word' id='word_1_281' title='bbox 395 3766 550 3813; x_wconf 85' lang='lat' dir='ltr'>articulatam</span> <span class='ocrx_word' id='word_1_282' title='bbox 566 3767 591 3811; x_wconf 87' lang='lat' dir='ltr'>et</span> <span class='ocrx_word' id='word_1_283' title='bbox 602 3765 734 3812; x_wconf 84' lang='lat' dir='ltr'>litteralem</span> <span class='ocrx_word' id='word_1_284' title='bbox 744 3777 841 3821; x_wconf 86' lang='lat' dir='ltr'>vocem,</span> <span class='ocrx_word' id='word_1_285' title='bbox 852 3765 896 3811; x_wconf 88' lang='lat' dir='ltr'>sed</span> <span class='ocrx_word' id='word_1_286' title='bbox 906 3764 955 3812; x_wconf 83' lang='lat' dir='ltr'>alia</span> <span class='ocrx_word' id='word_1_287' title='bbox 963 3765 1081 3824; x_wconf 85' lang='lat' dir='ltr'>qualitate</span> <span class='ocrx_word' id='word_1_288' title='bbox 1097 3764 1260 3824; x_wconf 85' lang='lat' dir='ltr'>significatam</span> 
     </span>
     <span class='ocr_line' id='line_1_34' title="bbox 143 3827 544 3882; baseline 0.005 -11"><span class='ocrx_word' id='word_1_289' title='bbox 143 3837 191 3872; x_wconf 90' lang='lat' dir='ltr'>non</span> <span class='ocrx_word' id='word_1_290' title='bbox 200 3828 421 3882; x_wconf 62' lang='lat' dir='ltr'>demonstrandum</span> <span class='ocrx_word' id='word_1_291' title='bbox 432 3827 544 3874; x_wconf 84' lang='lat' dir='ltr'>arbitror.</span> 
     </span>
    </p>

    <p class='ocr_par' dir='ltr' id='par_1_10' title="bbox 167 3890 336 3948">
     <span class='ocr_line' id='line_1_35' title="bbox 167 3890 336 3948; baseline -0.006 -14"><span class='ocrx_word' id='word_1_292' title='bbox 167 3890 336 3948; x_wconf 64' lang='lat' dir='ltr'>oKffipa</span> 
     </span>
    </p>

    <p class='ocr_par' dir='ltr' id='par_1_11' title="bbox 167 3952 725 4011">
     <span class='ocr_line' id='line_1_36' title="bbox 167 3952 725 4011; baseline -0.002 -13"><span class='ocrx_word' id='word_1_293' title='bbox 167 3959 186 3997; x_wconf 83' lang='lat' dir='ltr'>t.</span> <span class='ocrx_word' id='word_1_294' title='bbox 200 3953 275 4010; x_wconf 73' lang='lat' dir='ltr'>serg,</span> <span class='ocrx_word' id='word_1_295' title='bbox 286 3952 395 4010; x_wconf 72' lang='lat' dir='ltr'>captia</span> <span class='ocrx_word' id='word_1_296' title='bbox 405 3953 434 3998; x_wconf 80' lang='lat' dir='ltr'>ia</span> <span class='ocrx_word' id='word_1_297' title='bbox 443 3955 542 4004; x_wconf 78' lang='lat' dir='ltr'>Donat,</span> <span class='ocrx_word' id='word_1_298' title='bbox 553 3953 581 3999; x_wconf 87' lang='grc' dir='ltr'>Κ.</span> <span class='ocrx_word' id='word_1_299' title='bbox 592 3953 631 4008; x_wconf 86' lang='lat' dir='ltr'>tv,</span> <span class='ocrx_word' id='word_1_300' title='bbox 641 3966 665 4011; x_wconf 91' lang='lat' dir='ltr'>p.</span> <span class='ocrx_word' id='word_1_301' title='bbox 676 3959 725 4000; x_wconf 76' lang='lat'>519.</span> 
     </span>
    </p>

    <p class='ocr_par' dir='ltr' id='par_1_12' title="bbox 167 4014 1111 4074">
     <span class='ocr_line' id='line_1_37' title="bbox 167 4014 1111 4074; baseline -0.001 -15"><span class='ocrx_word' id='word_1_302' title='bbox 167 4020 187 4059; x_wconf 83' lang='lat' dir='ltr'>a.</span> <span class='ocrx_word' id='word_1_303' title='bbox 201 4016 276 4074; x_wconf 73' lang='lat' dir='ltr'>Serg,</span> <span class='ocrx_word' id='word_1_304' title='bbox 288 4015 304 4062; x_wconf 89' lang='lat' dir='ltr'>l.</span> <span class='ocrx_word' id='word_1_305' title='bbox 315 4026 347 4069; x_wconf 87' lang='lat' dir='ltr'>c.,·</span> <span class='ocrx_word' id='word_1_306' title='bbox 358 4015 451 4072; x_wconf 73' lang='lat' dir='ltr'>Pomp,</span> <span class='ocrx_word' id='word_1_307' title='bbox 462 4017 601 4068; x_wconf 82' lang='lat' dir='ltr'>Commeat,</span> <span class='ocrx_word' id='word_1_308' title='bbox 611 4016 638 4061; x_wconf 83' lang='grc' dir='ltr'>Κ.</span> <span class='ocrx_word' id='word_1_309' title='bbox 652 4016 677 4070; x_wconf 87' lang='lat' dir='ltr'>V,</span> <span class='ocrx_word' id='word_1_310' title='bbox 689 4027 711 4072; x_wconf 88' lang='lat' dir='ltr'>p.</span> <span class='ocrx_word' id='word_1_311' title='bbox 723 4021 761 4070; x_wconf 77' lang='lat'>993</span> <span class='ocrx_word' id='word_1_312' title='bbox 776 4015 872 4069; x_wconf 70' lang='lat' dir='ltr'>Victor,</span> <span class='ocrx_word' id='word_1_313' title='bbox 882 4015 911 4060; x_wconf 88' lang='lat' dir='ltr'>K.</span> <span class='ocrx_word' id='word_1_314' title='bbox 922 4014 960 4068; x_wconf 87' lang='lat' dir='ltr'>VI,</span> <span class='ocrx_word' id='word_1_315' title='bbox 972 4025 995 4071; x_wconf 90' lang='lat' dir='ltr'>p.</span> <span class='ocrx_word' id='word_1_316' title='bbox 1007 4019 1054 4069; x_wconf 80' lang='lat'>189,</span> <span class='ocrx_word' id='word_1_317' title='bbox 1065 4015 1111 4060; x_wconf 80' lang='lat' dir='ltr'>etc..</span> 
     </span>
    </p>

    <p class='ocr_par' dir='ltr' id='par_1_13' title="bbox 167 4077 986 4134">
     <span class='ocr_line' id='line_1_38' title="bbox 167 4077 986 4134; baseline -0.002 -13"><span class='ocrx_word' id='word_1_318' title='bbox 167 4081 187 4121; x_wconf 85' lang='grc'>9.</span> <span class='ocrx_word' id='word_1_319' title='bbox 201 4077 282 4132; x_wconf 61' lang='lat' dir='ltr'>Arist„</span> <span class='ocrx_word' id='word_1_320' title='bbox 292 4079 327 4123; x_wconf 73' lang='lat' dir='ltr'>De</span> <span class='ocrx_word' id='word_1_321' title='bbox 337 4077 433 4131; x_wconf 67' lang='lat' dir='ltr'>anima,</span> <span class='ocrx_word' id='word_1_322' title='bbox 443 4077 471 4134; x_wconf 78' lang='grc' dir='ltr'>ΙΙ,</span> <span class='ocrx_word' id='word_1_323' title='bbox 481 4084 494 4123; x_wconf 88' lang='grc'>8</span> <span class='ocrx_word' id='word_1_324' title='bbox 506 4095 511 4122; x_wconf 88' lang='lat'><strong>:</strong></span> <span class='ocrx_word' id='word_1_325' title='bbox 524 4085 644 4132; x_wconf 75' lang='grc' dir='ltr'>Σημαντιιὺς</span> <span class='ocrx_word' id='word_1_326' title='bbox 655 4087 690 4134; x_wconf 67' lang='grc' dir='ltr'>γὰρ</span> <span class='ocrx_word' id='word_1_327' title='bbox 702 4079 726 4129; x_wconf 78' lang='grc' dir='ltr'>δή</span> <span class='ocrx_word' id='word_1_328' title='bbox 737 4097 764 4128; x_wconf 78' lang='grc' dir='ltr'>τις</span> <span class='ocrx_word' id='word_1_329' title='bbox 776 4083 835 4134; x_wconf 69' lang='grc' dir='ltr'>ψόφος</span> <span class='ocrx_word' id='word_1_330' title='bbox 846 4077 917 4130; x_wconf 58' lang='lat' dir='ltr'>latinu</span> <span class='ocrx_word' id='word_1_331' title='bbox 930 4085 986 4132; x_wconf 73' lang='grc' dir='ltr'>φωνή.</span> 
     </span>
    </p>

    <p class='ocr_par' dir='ltr' id='par_1_14' title="bbox 168 4137 520 4198">
     <span class='ocr_line' id='line_1_39' title="bbox 168 4137 520 4198; baseline 0.006 -16"><span class='ocrx_word' id='word_1_332' title='bbox 168 4143 200 4182; x_wconf 88' lang='grc'>10.</span> <span class='ocrx_word' id='word_1_333' title='bbox 214 4141 234 4185; x_wconf 78' lang='grc' dir='ltr'>Α</span> <span class='ocrx_word' id='word_1_334' title='bbox 246 4157 255 4177; x_wconf 82' lang='lat'>⁸¹</span> <span class='ocrx_word' id='word_1_335' title='bbox 266 4139 350 4185; x_wconf 71' lang='lat' dir='ltr'>liliola</span> <span class='ocrx_word' id='word_1_336' title='bbox 361 4156 380 4194; x_wconf 77' lang='grc'>1,</span> <span class='ocrx_word' id='word_1_337' title='bbox 391 4137 422 4186; x_wconf 86' lang='lat' dir='ltr'>cs.</span> <span class='ocrx_word' id='word_1_338' title='bbox 433 4150 520 4198; x_wconf 68' lang='grc' dir='ltr'><strong>γράμμα.</strong></span> 
     </span>
    </p>

    <p class='ocr_par' dir='ltr' id='par_1_15' title="bbox 168 4200 556 4260">
     <span class='ocr_line' id='line_1_40' title="bbox 168 4200 556 4260; baseline 0.003 -15"><span class='ocrx_word' id='word_1_339' title='bbox 168 4206 201 4243; x_wconf 87' lang='lat'>11.</span> <span class='ocrx_word' id='word_1_340' title='bbox 215 4202 234 4245; x_wconf 82' lang='grc' dir='ltr'>Α</span> <span class='ocrx_word' id='word_1_341' title='bbox 246 4218 256 4236; x_wconf 73' lang='lat' dir='ltr'>u</span> <span class='ocrx_word' id='word_1_342' title='bbox 266 4200 400 4247; x_wconf 84' lang='lat' dir='ltr'>scribendo</span> <span class='ocrx_word' id='word_1_343' title='bbox 411 4217 431 4256; x_wconf 76' lang='grc' dir='ltr'>ι,</span> <span class='ocrx_word' id='word_1_344' title='bbox 442 4200 473 4246; x_wconf 85' lang='lat' dir='ltr'>ct.</span> <span class='ocrx_word' id='word_1_345' title='bbox 484 4209 556 4260; x_wconf 64' lang='grc' dir='ltr'>γράφω.</span> 
     </span>
    </p>

    <p class='ocr_par' dir='ltr' id='par_1_16' title="bbox 168 4261 380 4318">
     <span class='ocr_line' id='line_1_41' title="bbox 168 4261 380 4318; baseline 0.014 -13"><span class='ocrx_word' id='word_1_346' title='bbox 168 4267 200 4306; x_wconf 72' lang='lat'>12.</span> <span class='ocrx_word' id='word_1_347' title='bbox 216 4261 250 4309; x_wconf 78' lang='lat' dir='ltr'>ct,</span> <span class='ocrx_word' id='word_1_348' title='bbox 261 4263 321 4318; x_wconf 72' lang='lat' dir='ltr'>Cic,</span> <span class='ocrx_word' id='word_1_349' title='bbox 333 4262 350 4309; x_wconf 83' lang='lat' dir='ltr'>l.</span> <span class='ocrx_word' id='word_1_350' title='bbox 360 4274 380 4310; x_wconf 78' lang='lat' dir='ltr'>c.</span> 
     </span>
    </p>
   </div>
   <div class='ocr_carea' id='block_1_4' title="bbox 0 0 1581 5050">
    <p class='ocr_par' dir='ltr' id='par_1_17' title="bbox 0 0 1581 5050">
     <span class='ocr_line' id='line_1_42' title="bbox 0 0 1581 5050; baseline 0 0"><span class='ocrx_word' id='word_1_351' title='bbox 0 0 1581 5050; x_wconf 95' lang='lat' dir='ltr'> </span> 
     </span>
    </p>
   </div>
  </div>
 </body>
</html>
