3214 5054
580 459 825 524 -115-

148 604 409 668 (111101116111111
428 611 488 684 est,
505 612 644 684 utroque
666 623 774 667 sensu¹
784 607 907 684 pariter
926 603 1077 666 adhiberi
1095 607 1213 685 potuit,
1234 614 1279 670 et.

148 710 284 774 indeed
303 710 369 772 alia
386 729 507 790 genera
527 711 672 775 extendi.
692 712 753 774 Sin
768 705 977 774 de'omnibus
994 721 1189 793 usurpatum
1203 721 1264 795 est,

147 835 220 898 quae
239 835 316 880 mox
330 820 522 896 recensebo,
536 818 646 898 priore
665 825 794 879 tantum
808 835 908 880 sensu
927 818 1073 880 diversas
1093 822 1268 883 verborum

149 927 275 1005 speeies
294 943 425 1005 semper
442 924 640 1006 designavit,
658 925 780 1005 quibus
797 924 919 986 diversi
935 928 1049 987 insunt
1064 925 1265 990 intellectus.

148 1029 231 1092 Utra
250 1030 350 1094 fuerit
369 1033 462 1110 origo
480 1032 635 1111 priorque
655 1049 748 1110 usus,
767 1030 947 1110 dijudicare
967 1032 1091 1094 nescio.
1113 1031 1211 1097 Nune
1228 1035 1270 1096 ad

150 1136 282 1216 singula
296 1156 407 1216 pecora
422 1145 637 1201 transeamus.

172 1301 174 1304 .
196 1244 277 1318 Quae
297 1245 391 1306 verta
413 1243 516 1307 Varro
536 1242 691 1320 sarciendi¹¹
714 1243 910 1324 Gelliusque
933 1243 1081 1324 opecttff,
1107 1264 1145 1308 ea
1164 1254 1272 1326 poste-

149 1353 255 1415 riores
264 1351 481 1432 grammatici,
493 1368 637 1430 graecum
646 1349 1064 1437 s'reppurtac'rtraducentes,
1078 1354 1272 1416 octioonun·

152 1474 324 1537 cupavere,
342 1465 374 1518 at
388 1466 471 1518 recto
492 1475 635 1537 quoque,
661 1457 849 1520 Stoicorum
865 1453 939 1541 ὀρθά
954 1456 1107 1536 reddens,
1131 1458 1272 1522 Priscia-

152 1580 215 1626 nus
230 1561 437 1644 appellavit³.
460 1563 542 1637 Quae
560 1572 671 1627 autem
685 1563 790 1627 Varro
807 1562 1003 1642 Gelliusque
1016 1563 1187 1644 potieodt⁴,
1204 1565 1269 1646 illi,

152 1685 296 1748 graecum
316 1668 476 1756 παθητικά
498 1671 534 1732 in
555 1671 703 1732 latinum·
718 1678 959 1747 convertentes,
989 1675 1118 1748 passiva
1146 1673 1271 1742 dixere.

153 1776 232 1839 Haec
248 1776 312 1839 duo
333 1794 455 1855 genera
469 1778 510 1839 ab
524 1778 678 1840 omnibus
693 1777 924 1840 admittuntur.
947 1775 1046 1839 Prius
1065 1796 1143 1841 vero
1160 1797 1274 1842 eorum
1378 1811 1385 1823 ·

153 1891 204 1947 est
225 1900 297 1964 quae
317 1891 349 1944 -ῡ
363 1883 480 1945 littera
501 1883 720 1946 terminantur
734 1890 767 1945 et
787 1889 895 1945 actum
910 1883 1116 1964 significant,
1134 1879 1285 1948 alterum

154 1997 264 2052 autem
292 2007 406 2052 eorum
434 2007 507 2070 quae
535 2009 586 2051 -or
613 1990 741 2070 syllaba
769 1993 988 2052 terminantur
1022 1999 1054 2053 et
1086 1996 1274 2072 passionem

155 2097 355 2176 significant.
373 2095 511 2159 Duobus
533 2113 611 2174 ergo
628 2099 734 2174 signis
754 2096 906 2174 dignosci
928 2104 1078 2177 possunt,
1097 2115 1196 2160 sensu
1212 2099 1274 2160 sci·

155 2202 235 2267 licet
253 2211 285 2264 et
304 2202 538 2266 declinatione.
557 2203 639 2265 Inde
656 2220 741 2283 saepe
764 2222 783 2264 a
805 2205 1027 2282 grammaticis
1042 2203 1171 2266 Latinis
1187 2215 1274 2268 nunc

156 2327 263 2371 sensus
278 2309 332 2372 vel
346 2310 530 2388 siprttficatic
543 2309 598 2371 vel
617 2312 664 2370 cis
687 2310 793 2372 activa
808 2317 864 2372 aut
884 2301 1015 2389 passiva
1034 2310 1167 2388 dicitur,
1186 2328 1274 2374 nunc

156 2417 263 2480 activa
276 2423 332 2478 aut
350 2417 482 2496 passiva
504 2415 664 2477 declinatio
687 2415 741 2479 vel
761 2417 862 2491 formu
885 2415 940 2478 vel
961 2417 1065 2494 ficara
1086 2415 1140 2479 vel
1162 2419 1275 2496 specics

156 2521 210 2585 vel
223 2540 294 2583 voc.
311 2523 404 2585 Inter
413 2540 495 2602 quas
505 2523 690 2602 praesertim
703 2522 1002 2585 anirnadvertendae
1014 2530 1090 2584 sunt
1101 2523 1273 2603 dictiones,

158 2632 257 2690 actico
281 2646 352 2706 vce,
374 2632 505 2707 passivo
527 2627 616 2707 ooe⁵,
641 2631 801 2709 equibus
828 2627 918 2690 Galli
942 2653 957 2684 ι
981 2632 1053 2690 ocia
1075 2633 1182 2707 active,
1207 2633 1278 2692 vote
1351 2609 1354 2615 ⁵

156 2738 309 2815 passive»
329 2735 574 2799 deduxerimus.
630 2800 633 2806 ,
810 2801 812 2804 ,

204 2841 277 2905 Una
304 2840 376 2903 haee
403 2841 468 2904 duo
491 2859 612 2920 genera
636 2841 739 2904 Varro
766 2842 1011 2905 discriminasse
1034 2849 1066 2904 et
1090 2823 1296 2907 nominasse*

158 2949 300 3012 videtur.
325 2948 460 3030 Species
483 2949 572 3012 enim
592 2943 788 3011 enumerans
808 2966 881 3030 quae
902 2947 1021 3029 copula
1034 2949 1174 3030 quadam
1192 2952 1279 3013 inter

160 3075 194 3121 se
208 3056 465 3138 conjunguntur,
485 3081 500 3112 ι
518 3057 661 3120 faciendi
678 3065 710 3119 et
725 3057 871 3137 patiendi
886 3066 923 3119 ut
937 3055 1005 3118 Uro
1021 3064 1053 3118 et
1067 3055 1176 3137 Ungo,
1193 3055 1280 3120 Uror
1296 3081 1300 3088 ·“

160 3173 191 3227 et
205 3163 321 3244 Unger
338 3189 353 3219 ι
371 3162 497 3243 ponit⁶.
518 3164 724 3228 Alio'autem
742 3161 836 3227 loc0'
856 3163 959 3226 multa
979 3182 1050 3226 esse
1069 3165 1225 3224 contrario
1243 3171 1295 3226 ut*

160 3271 263 3335 Amor
277 3270 373 3351 Amo,
392 3272 475 3333 Seoo
491 3269 602 3351 Seeor,
621 3271 771 3333 observat
789 3291 796 3331 ε
815 3269 902 3350 quod
916 3269 958 3331 ad
977 3270 1116 3332 activam
1132 3276 1164 3332 et
1177 3271 1302 3348 passi-²

160 3395 234 3440 vam
247 3395 362 3440 vocem
376 3378 516 3441 attinere
530 3377 647 3458 liquet.
671 3376 749 3439 Alia
760 3394 838 3440 vero
858 3376 949 3438 addit
964 3375 1127 3438 contraria
1141 3385 1208 3437 non
1221 3374 1280 3437 ha·
1300 3394 1303 3401 ’

161 3483 236 3546 bero
256 3478 413 3566 (Loquor,
430 3483 554 3564 Venor,
580 3481 697 3564 Curre,
715 3477 886 3565 Atnbulo),
910 3480 1094 3562 horumque
1106 3480 1175 3543 alia
1188 3485 1304 3544 terna*

188 3758 207 3795 l.
222 3751 252 3808 X,
261 3756 302 3807 333
313 3751 343 3797 Cs-
355 3764 425 3802 ποιιῐν,
436 3752 502 3809 apud
511 3751 582 3797 Arist·
600 3731 603 3735 '

188 3817 208 3856 2.
222 3812 306 3865 XVIII,
317 3819 355 3868 ης
366 3812 578 3872 (11.91111111191111,
590 3812 692 3868 chaus,
703 3812 731 3857 ll.
742 3811 761 3868 l,
771 3823 795 3868 p.
806 3817 853 3857 164.

187 3879 209 3980 i.
223 3873 405 3983 Ιὲ.ἑ1’1ξαῑῗέ14111
420 3936 562 3992 declinatio,
577 3936 657 3993 Nigid.
672 3934 751 3992 Flgul.
763 3946 801 3992 ap.
813 3933 882 3990 Gall,
893 3935 964 3990 xv11,
974 3942 1000 3992 ἰς
1010 3934 1121 3994 patiendi
1136 3934 1231 3992 modus,
1243 3947 1283 3980 na·

164 4001 225 4053 tura,
239 3997 331 4052 Quint,
345 3999 364 4053 l,
374 3997 395 4055 1,
405 4005 444 4054 263
458 3999 551 4054 1,6,10.
567 3998 591 4044 Si
605 3997 837 4055 Pompeio-eredere
852 3996 911 4042 llcet
924 3997 960 4053 (K.
971 3997 1000 4052 V,
1013 4009 1038 4054 p.
1053 3999 1109 4052 tit),
1124 3996 1220 4043 Plinius
1231 3997 1282 4054 jam

164 4059 271 4104 activum
281 4061 306 4105 et
314 4060 441 4116 passivum
450 4059 521 4106 dixit.

189 4126 210 4168 5·
225 4121 260 4168 Gi.
271 4121 399 4176 Priscian,
409 4121 437 4168 K.
449 4122 489 4176 lll,
500 4134 523 4178 p.
536 4124 583 4178 tte,
595 4127 641 4167 cte.

190 4189 211 4290 t:
225 4183 330 4301 1111..
