3124 5050
787 463 1011 528 ..12-

339 607 436 670 modo
451 608 537 670 benc
559 607 719 688 linguam,
736 607 931 688 aDionysio
947 606 1092 686 allatam,
1109 609 1252 671 Romani
1267 609 1410 686 aprime
1430 629 1466 688 p.

341 711 420 776 Chr.
439 713 561 778 saeculo
576 715 780 778 traduxerint
794 722 826 777 et
844 721 1007 779 auxerint.
1027 715 1107 776 Eam
1122 723 1231 776 tomen
1250 716 1469 778 1133333133-

342 821 401 882 tim
420 825 456 883 in
476 821 596 884 litteris
617 821 730 884 latinis
749 825 951 902 regnavisse,
977 822 1034 886 sed
1054 820 1213 902 paulatim
1232 822 1268 883 in
1282 839 1338 884 eas
1357 821 1469 902 irrep-

340 929 423 990 sisse
438 926 620 990 verisimile
631 935 697 1006 est,
714 945 775 991 nec
789 929 882 1007 prius
894 931 1029 991 omuino
1045 931 1080 990 in
1095 947 1193 991 nsum
1203 929 1333 990 venisse
1349 929 1466 999 credo,

340 1052 438 1114 quam
452 1051 504 1096 ars
519 1036 731 1110 grammatica
745 1045 818 1114 qnae
830 1033 951 1096 dicitur
965 1053 984 1096 3
998 1035 1146 1098 Romano
1161 1034 1319 1096 Romanis
1331 1051 1470 1114 compo-

341 1141 404 1203 sita
418 1140 519 1203 suerit
531 1137 552 1201 ¹.
570 1140 711 1221 Interea,
729 1158 804 1203 cum
819 1157 933 1203 omnes
949 1142 1016 1203 iere
1032 1141 1112 1204 libri
1126 1141 1330 1220 grammatici
1346 1159 1406 1203 seu
1423 1142 1469 1203 de

340 1248 493 1325 analogia
508 1254 539 1310 et
552 1249 728 1330 anomalia,
748 1267 807 1312 seu
820 1250 859 1312 de
874 1269 949 1330 nsu,
967 1269 1066 1312 sensu
1082 1258 1113 1312 et
1128 1248 1329 1330 etymologia
1342 1249 1470 1312 latino-

342 1372 415 1416 rum
431 1354 665 1417 vocabulorum
686 1356 917 1436 scriberentur,
940 1373 1002 1419 nec
1022 1355 1137 1418 multis
1156 1373 1219 1418 nec
1233 1355 1321 1418 inter
1336 1375 1370 1419 se
1386 1373 1470 1419 con-

340 1460 535 1538 gruentibus
562 1484 576 1513 (
600 1461 761 1522 technicis
786 1463 974 1524 terminis»
1001 1480 1082 1543 opus
1107 1470 1191 1544 erat,
1220 1479 1326 1542 neque
1349 1461 1469 1542 plures

341 1583 439 1645 quam
459 1583 541 1645 opns
557 1574 657 1628 erate
677 1583 782 1644 graeco
797 1567 900 1630 tundo
914 1577 1099 1649 assumptos
1115 1587 1187 1630 esse
1203 1568 1386 1650 putandum
1399 1578 1466 1630 est.

385 1671 446 1734 His
461 1673 652 1753 premissis,
670 1673 710 1734 ed
730 1672 975 1736 illustrissimos
994 1673 1166 1738 Ciceronis
1181 1676 1287 1738 aetatis
1302 1692 1469 1753 gramma-

340 1780 420 1842 ticos
438 1785 580 1840 transeo.
599 1779 690 1842 Inter
703 1797 785 1859 qnos
801 1781 986 1860 principem
1001 1781 1110 1844 locum
1125 1789 1212 1844 tenet
1228 1782 1273 1844 M.
1287 1781 1469 1844 Terentius

338 1881 442 1947 Varro
457 1879 610 1966 (tte-27)
626 1893 658 1946 et
672 1903 811 1949 numero
826 1893 858 1948 et
868 1889 1023 1950 varietate
1036 1895 1068 1949 et
1082 1887 1302 1968 amplitudine
1312 1904 1467 1966 operum.

342 1989 417 2052 Nou
440 1989 533 2053 aliud
556 1998 667 2053 tamen
691 2011 790 2072 quam
813 2010 885 2071 quae
911 1992 1103 2074 philosophi
1133 2001 1166 2056 et
1193 1994 1400 2072 grammatici
1425 1995 1468 2056 de

341 2115 447 2176 graera
466 2097 581 2176 lingua
602 2099 861 2180 elaboraverant,
885 2108 1056 2162 retractate
1077 2101 1228 2181 quidem,
1253 2107 1468 2180 correctaque

343 2212 377 2266 ut
393 2205 429 2264 in
442 2205 580 2266 latinam
590 2205 786 2286 quadrarent
797 2205 938 2286 aliisque
955 2207 1114 2287 exemplis
1130 2206 1305 2287 illustrata,
1322 2206 1382 2268 sed
1396 2207 1469 2270 iere

342 2313 378 2372 in
393 2329 431 2374 eo
447 2319 575 2374 tantum
596 2331 654 2374 sua
672 2315 778 2391 ipsius
793 2331 892 2391 opera
911 2311 1120 2393 amplificata,
1139 2319 1299 2393 quantum
1319 2313 1394 2374 fleri
1408 2330 1468 2392 po-

344 2419 419 2497 tuit,
446 2436 522 2480 cum
546 2419 674 2481 civibus
704 2421 970 2481 communicavit.
1002 2418 1201 2500 Temporum
1230 2437 1308 2482 vero
1336 2422 1466 2481 ratione

343 2523 446 2587 Varro
461 2527 585 2604 primos
600 2523 703 2586 libros
719 2521 865 2608 (circiter
879 2523 922 2588 85
936 2545 966 2587 a.
980 2523 1077 2607 Chr.)
1094 2527 1279 2606 composuit
1296 2549 1311 2580 «
1325 2525 1365 2586 (13
1380 2526 1467 2587 anti·
1548 2513 1549 2522 ’

342 2631 467 2708 quitata
482 2630 666 2692 litterarum
680 2655 694 2686 s
707 2634 896 2713 inscriptoS,
909 2634 1030 2712 quibus
1041 2633 1081 2696 de
1092 2634 1285 2696 inventione
1301 2639 1333 2695 et
1348 2649 1467 2712 propa-

343 2738 474 2814 gatione
490 2736 673 2799 litterarum
689 2736 872 2816 exposuit'.
890 2737 935 2800 Hi
950 2739 991 2801 ad
1004 2739 1179 2802 historiam
1194 2739 1466 2819 perurebantur

344 2849 409 2904 tres
433 2867 446 2895 α
466 2842 506 2904 (13
526 2843 655 2920 origine
675 2843 798 2921 linguae
818 2843 930 2907 latinae
948 2870 962 2898 »
981 2839 1060 2927 (quo
1080 2852 1227 2926 tempore
1247 2845 1362 2924 scripti
1382 2845 1462 2924 sint,

345 2947 410 3010 dici
425 2966 491 3011 non
506 2944 638 3031 potest),
652 2953 687 3011 in
702 2951 822 3030 quibus
838 2951 1018 3032 primordia
1028 2959 1060 3014 et
1074 2968 1267 3030 progressus
1282 2950 1382 3031 patrii
1398 2967 1466 3012 ser·

344 3057 452 3117 rnonis
478 3063 668 3135 persecutus
693 3053 776 3118 est'.
801 3057 881 3120 Haec
904 3065 1014 3119 eutem
1038 3057 1103 3120 duo
1128 3075 1227 3138 opera
1249 3074 1356 3136 neque
1380 3056 1465 3119 31133

344 3166 570 3242 grammaticas
590 3167 743 3225 notiones
763 3182 871 3244 neque
889 3163 994 3226 multa
1007 3164 1164 3227 vocabula
1184 3167 1398 3242 grammatica
1415 3171 1465 3227 ress
1549 3175 1550 3204 1

344 3268 486 3348 quisisse
508 3269 720 3348 perspicuum
742 3277 803 3331 est.
828 3268 947 3332 Omnis
969 3271 1077 3350 operis
1096 3295 1110 3324 α
1129 3271 1168 3333 de
1189 3270 1305 3348 lingua
1325 3269 1429 3332 131133
1449 3295 1463 3322 3

345 3384 409 3439 tres
425 3383 532 3457 partes
549 3394 583 3438 se
598 3377 716 3438 iecisse
732 3377 904 3456 profitetur
918 3379 989 3458 ipse
1003 3376 1107 3440 Varro
1117 3375 1140 3457 ⁴,
1159 3378 1299 3458 primam
1315 3371 1467 3460 (Ii-VII)
1549 3389 1550 3420 ³

345 3483 384 3545 de
399 3481 610 3562 etymologia,
629 3481 765 3544 alteram
775 3479 995 3567 (VIII-XIII)
1007 3484 1046 3546 de
1059 3482 1351 3562 declinationibus,
1369 3483 1467 3545 idest

345 3589 383 3651 de
401 3589 614 3670 derivatione,
629 3588 849 3652 declinatione
861 3598 892 3652 et
901 3591 1144 3670 conjugatione,
1158 3590 1288 3652 tertiam
1298 3590 1339 3651 de
1349 3591 1467 3652 verbo·
1549 3569 1550 3608 ³

345 3714 417 3757 rum
437 3696 675 3775 compositione
695 3695 750 3758 vel
769 3700 912 3775 syntaxi.
929 3695 955 3756 E
971 3700 1067 3757 tertia
1084 3713 1189 3776 panca
1204 3703 1341 3776 tantum,
1361 3713 1466 3775 eaque

345 3819 456 3880 sparsa
478 3819 516 3863 ac
539 3802 678 3882 minuta,
704 3803 887 3879 fragmenta
911 3802 1142 3881 supersuntE
1167 3805 1274 3882 prima
1296 3801 1466 3881 alteraque
1549 3827 1550 3844 ¹

372 4076 391 4114 1.
407 4070 467 4114 Vido
477 4069 549 4126 13113,
561 4083 583 4127 p.
597 4076 621 4116 te
631 4083 667 4128 sq.

372 4140 390 4177 11.
407 4131 441 4177 Cf.
453 4132 602 4188 Wilmanns‚
613 4145 637 4190 p.
649 4139 686 4178 111
698 4145 751 4191 sqq.

370 4201 390 4239 3.
407 4195 449 4248 id,
460 4207 483 4252 p.
496 4202 533 4241 136
545 4207 598 4252 sqq.

371 4262 390 4302 ⁴.
406 4256 455 4312 Vll,
468 4264 512 4304 110.
524 4258 618 4304 Pn'mus
628 4256 690 4302 libor
700 4259 817 4315 exceptus
827 4259 872 4312 cst,
883 4259 909 4305 nt
919 4255 1073 4314 prooemium.
