3124 5050
592 341 816 460 ..314

135 546 310 602 auctorem
325 557 408 619 saepe
424 537 598 603 Charisius
611 540 772 602 nominat.
791 539 839 602 Ex
852 539 1007 619 reliquiis
1016 548 1130 632 autem,
1142 544 1190 604 sic
1204 559 1262 605 no·

135 647 191 708 his
211 665 274 726 per
295 645 482 710 Charisium
499 645 637 726 perlatis
652 654 797 727 apparet,
814 647 913 710 illum
928 650 1039 709 omnia
1058 650 1259 731 tractavisse,

136 769 212 832 quae
233 761 312 816 tunc
332 761 418 816 artes
438 743 771 836 comprehendebant,
795 755 853 817 sed
872 755 963 816 brevi
979 761 1011 817 et
1030 755 1176 835 simplici
1191 774 1262 820 ora·

137 863 230 922 tione
256 877 323 923 suae
352 863 456 923 aetatis
484 861 758 924 consuetudinem
787 861 956 942 docuisse,
987 869 1018 922 et
1050 864 1161 924 omnia
1188 881 1260 943 quae

137 967 320 1030 doctiorem
330 967 586 1047 disputationem
595 968 800 1047 requirerent
811 967 982 1030 omisisse:
1000 975 1038 1029 ut
1051 968 1174 1030 librum
1189 969 1260 1049 ejus

137 1091 206 1135 non
234 1074 339 1136 doctis
365 1075 573 1156 hominihus,
605 1074 663 1136 sed
685 1077 797 1154 pueris
822 1075 1021 1138 destinatum
1048 1093 1119 1137 esse
1143 1083 1259 1155 putan-

135 1180 218 1241 dum
232 1181 276 1242 sit
286 1175 308 1242 ¹.
326 1180 432 1242 Habet
446 1187 557 1244 autem
572 1180 676 1244 multa
686 1198 762 1243 cum
777 1179 964 1244 Palaemone
980 1185 1168 1245 communia
1178 1181 1199 1265 ²,
1212 1187 1258 1246 ita

136 1292 247 1348 tamen
262 1293 299 1349 ut
317 1305 393 1350 eum
411 1289 448 1348 in
467 1289 600 1350 brevius
618 1287 787 1366 redegisse
807 1287 967 1350 videatur.
985 1289 1100 1368 Ipsum
1115 1288 1256 1370 denique

134 1395 340 1473 praecipuum
350 1394 476 1457 fontem
485 1391 672 1456 Charisiiet
682 1393 837 1460 Dosithei
847 1394 1097 1476 fuisseconstat,
1107 1395 1258 1458 acmulta

134 1498 290 1562 Diomedi
312 1499 454 1580 aliisque
477 1500 658 1580 praehuisse
683 1518 723 1562 ex
741 1503 984 1580 comparatione
1005 1518 1080 1564 cum
1105 1499 1257 1566 Charisio

134 1606 347 1685 perspicuum
362 1614 423 1668 est.

177 1705 356 1794 Victorini,
378 1713 501 1775 Donati
521 1720 553 1775 et
574 1711 721 1775 Charisii
740 1720 817 1774 aetas
839 1713 937 1775 certIs
956 1713 1025 1774 fere
1048 1713 1171 1777 finibus
1193 1717 1255 1778 cir-

133 1821 353 1882 cumscribere
372 1837 561 1898 possumus.
578 1817 703 1882 Notum
720 1829 768 1881 est
784 1822 874 1880 enirn
887 1818 1098 1882 Victorinum
1112 1839 1131 1882 a
1149 1839 1254 1900 gram-

132 1926 251 1988 matica
272 1925 315 1987 ad
333 1923 506 1990 rhetorica
526 1927 606 1988 artis
624 1925 866 2007 professionem
885 1943 1097 2004 progressum
1116 1945 1200 2009 esse,
1223 1938 1255 1990 et

131 2031 331 2095 rhetoricam
345 2031 470 2114 Roma,
488 2033 692 2112 Hieronymo
707 2050 821 2113 puero,
834 2033 929 2094 idest
940 2035 1027 2095 circa
1041 2050 1164 2094 annum
1173 2031 1252 2115 350,

129 2136 316 2201 docuisse³.
335 2138 460 2201 Eodem
478 2156 556 2202 vero
576 2146 722 2218 tempore
744 2139 892 2201 Donatus
907 2139 1050 2217 insignis
1065 2143 1253 2217 grammati-

129 2264 188 2308 cus
207 2249 243 2307 in
259 2244 350 2308 Urbe
369 2243 583 2308 habebatur⁴.
608 2244 706 2307 Unde
721 2245 875 2308 concludi
889 2252 996 2324 potest
1010 2245 1110 2326 paulo
1124 2247 1252 2312 Donato

127 2353 339 2416 Victorinum
349 2355 552 2431 superiorem
562 2350 696 2414 fuisse³.
710 2349 902 2413 Charisium
912 2359 1022 2413 autem
1030 2358 1103 2431 post
1113 2359 1252 2418 mortem

125 2459 285 2522 Evanthii
300 2455 379 2543 (359
394 2480 427 2540 p.
443 2455 540 2544 Chr.)
557 2478 595 2522 ex
605 2460 720 2522 Africa
737 2457 1060 2538 Constantinopolim
1075 2460 1257 2524 adductum.

124 2585 198 2629 esse
220 2566 445 2646 Hieronymus
467 2564 637 2630 testatur⁶.
661 2565 844 2629 'Paululum
864 2567 968 2646 igitur
989 2573 1063 2646 post
1084 2567 1250 2630 Donatum

126 2674 253 2735 floruit.
1129 2695 1131 2700 ·

138 2775 269 2840 ‘Marii
292 2776 459 2841 Victorini
481 2779 635 2842 feruntur
658 2777 706 2841 lV
730 2778 811 2841 libri
838 2781 951 2840 «artis
976 2780 1198 2855 grammaticae
1216 2806 1245 2861 »,

121 2903 265 2964 quorum
279 2888 316 2947 in
329 2887 473 2949 maxima
493 2892 584 2966 parte
599 2888 638 2949 de
658 2887 774 2949 metris
789 2883 996 2960 disseritur&
1015 2885 1098 2948 Tum
1115 2888 1176 2949 suh
1190 2905 1248 2950 no-

120 2991 375 3054 minc-Maximi
399 2992 452 3055 vel
475 2993 648 3054 Maximini
669 2991 834 3055 Victorini
859 2991 907 3055 IV
932 2991 1065 3056 libellos
1087 2994 1256 3057 habemus»

123 3123 139 3151 «
154 3098 195 3160 de
206 3100 418 3176 grammatica
431 3124 445 3153 »
459 3107 492 3161 et
508 3125 522 3155 «
538 3100 578 3161 de
588 3100 702 3162 metris
716 3123 746 3162 ».
761 3098 842 3162 Sine
854 3100 954 3162 dubio
966 3117 1052 3162 unus
1067 3100 1130 3162 fuit
1140 3119 1256 3180 gramm

120 3207 274 3284 maticus,
287 3206 381 3287 cujus
391 3206 582 3284 cognomini
592 3206 866 3268 diversanomina
875 3208 1024 3285 apposita
1035 3215 1123 3268 sunt.
1138 3205 1246 3267 Κιιιι8

119 3308 212 3372 haud
232 3309 302 3372 sine
322 3313 392 3372 veri
412 3310 633 3373 similitudine
652 3311 829 3372 arbitratur
848 3309 1057 3374 Victorinum
1077 3314 1183 3392 primo
1204 3313 1245 3374 ad

122 3469 338 3482 n———d

131 3545 147 3562 'n

145 3578 165 3615 1.
181 3566 209 3615 Κ.
221 3570 238 3626 I,
248 3582 272 3628 p.
283 3584 363 3616 xnv111
375 3583 423 3628 ssa
436 3571 523 3625 Christ,
534 3569 683 3629 Pttilolopue,
693 3570 776 3625 XVIII,
787 3582 811 3626 p.
823 3575 862 3614 12³
873 3582 909 3628 sq.

144 3637 165 3676 2.
181 3632 208 3678 Κ.
221 3632 238 3687 Ι,
248 3645 272 3689 p.
284 3631 526 3688 xn113Morschsll,l.
538 3644 567 3686 c,
579 3645 602 3688 p.
614 3637 649 3688 59,
659 3639 694 3688 60,
704 3638 738 3689 st,
749 3639 781 3677 ta.

145 3693 421 3752 &Hstpmum

144 3824 164 3864 5.
175 3819 211 3867 CI.
223 3823 304 3865 tamen
319 3819 388 3864 hunc
398 3817 482 3863 Iocum
492 3819 612 3865 Victorini
621 3818 657 3872 (Κ.
668 3817 708 3872 VI,
719 3829 742 3874 p.
755 3820 803 3872 200)
814 3832 819 3860 =
832 3836 842 3858 «
854 3819 887 3864 De
898 3817 1044 3875 pronomine
1060 3817 1174 3862 similiter
1184 3829 1242 3874 quo·

119 3882 182 3927 niam
194 3882 303 3927 Donatus
314 3881 430 3937 exposuit
440 3879 496 3924 ideo
508 3879 715 3937 praetermisimus.
727 3897 737 3918 »
749 3879 795 3924 Sed
806 3881 857 3924 haec
867 3879 943 3925 vorhu
953 3878 1075 3935 abaliquo
1088 3878 1187 3923 librario
1198 3891 1242 3934 pro

119 3946 195 4002 capite
204 3943 325 3990 VictorIni
338 3943 368 3988 de
380 3943 527 3998 pronomine
538 3942 679 3986 introducta
688 3943 759 3995 sunt;
772 3943 814 3986 eut
824 3941 885 3998 quid
895 3942 1017 3998 significet
1029 3958 1039 3978 «
1051 3939 1166 3985 similiter
1176 3945 1205 3984 a?

140 4011 158 4052 6.
173 4008 212 4056 Sic
223 4008 353 4055 correctus
364 4003 494 4058 estcodex,
503 4003 587 4060 inquo
596 4003 744 4060 iegiturnon
754 4003 887 4060 Charisius,
896 4003 939 4049 sed
950 4001 1086 4058 charisium
1099 4001 1128 4048 cI.
1140 4003 1240 4056 Usener,

114 4070 192 4119 rnen.
205 4072 278 4124 Dua,
290 4066 376 4122 XXIII,
388 4077 412 4122 p.
425 4071 464 4110 tre
474 4077 511 4122 sq.

137 4141 154 4182 t.
170 4135 202 4182 Ea
212 4145 273 4192 pars
284 4142 313 4177 ra
325 4130 385 4186 ipsa
394 4138 445 4172 non
455 4126 585 4183 Victorini,
595 4125 639 4172 sod
648 4126 782 4183 Aphthonii
793 4125 921 4184 cujusdam
932 4129 975 4172 est.

133 4205 150 4246 e,
164 4200 193 4248 Κ,
206 4199 254 4255 VI,
264 4209 292 4256 p.
305 4205 370 4239 xxvi
381 4201 418 4246 sq.
