3124 5050
593 465 817 531 ...592⁴

187 607 275 682 Quot
290 615 323 670 et
333 607 447 688 quales
462 611 610 672 orationis
622 619 726 688 portes
736 605 745 636 ¹
757 605 825 694 (rod
841 609 932 694 λόγου
949 606 1041 698 μέρη)
1054 611 1181 690 singuli
1197 613 1267 675 sive

144 713 252 777 Graeci
268 715 337 778 sive
353 715 464 778 Latini
481 717 942 799 grammaticiconstituerint,
955 719 1107 796 quamvis
1121 717 1194 781 haec
1209 736 1268 799 per

145 839 179 884 se
200 823 339 900 quaestio
360 821 479 884 summi
504 822 547 882 sit
570 823 741 902 momenti,
764 823 963 900 investigare
985 841 1052 885 non
1071 842 1182 886 meum
1204 832 1265 889 cst.

144 927 226 988 Eam
241 944 319 991 vcro
335 927 372 990 in
386 934 459 991 octo
473 935 584 1007 partes
603 929 802 991 divisionem
822 947 951 1010 sequar,
969 946 1041 1010 quae
1058 929 1163 993 valuit
1181 931 1268 1012 apud

145 1035 358 1098 recentiores.
381 1035 449 1098 Sed
467 1035 508 1098 de
527 1036 720 1098 notionibus
740 1052 813 1117 quae
833 1034 876 1098 ad
894 1035 1006 1117 plures
1026 1040 1204 1118 pertinent,
1227 1037 1268 1100 de

145 1159 252 1218 perere
275 1141 414 1224 scilicet,
440 1161 567 1203 numero
590 1149 622 1205 et
646 1143 781 1220 castrus,
808 1150 883 1207 ante
907 1144 1078 1225 disseram,
1106 1143 1268 1225 quemad

146 1247 295 1325 singulas
311 1255 474 1311 transeam
488 1249 728 1331 inspiciendas.

589 1607 646 1670 De
666 1617 825 1682 genere.

189 1863 287 1928 Utin
301 1872 419 1927 natura
435 1866 620 1928 animantes
640 1883 698 1928 seu
717 1883 823 1928 mares
839 1883 898 1928 sau
912 1866 1057 1946 feminee,
1077 1872 1108 1928 et
1121 1883 1175 1927 res
1195 1868 1267 1927 sine

145 1968 215 2032 ullo
232 1988 312 2032 sexu
327 1970 555 2049 inveniuntur,
575 1971 674 2033 sicin
688 1987 794 2050 graeca
808 1970 925 2049 lingua
940 1977 1005 2033 tres
1021 1972 1148 2050 species
1162 1971 1268 2032 nomi-

148 2095 239 2158 num,
266 2075 461 2140 alterutrum
484 2077 613 2140 scilicet
638 2084 694 2140 aut
715 2076 847 2140 nullum
867 2077 1009 2158 quodam
1032 2077 1130 2140 modo
1155 2095 1269 2138 sexum

147 2183 353 2261 habentium,
376 2183 528 2261 dignosci
546 2200 655 2264 posse,
678 2183 873 2260 Protagoras
895 2168 1022 2263 primus
1046 2182 1269 2244 observauisse

146 2288 300 2353 ridetur*
317 2310 325 2353 :
342 2291 420 2354 inde
436 2288 549 2377 rippam
563 2285 732 2376 (ὀνόματα)
747 2291 899 2354 distinxit
912 2290 967 2356 καὶ
982 2288 1142 2377 θήλεακαὶ
1153 2288 1265 2374 σκεύη.

149 2395 212 2460 Hic
225 2415 305 2460 vero
320 2400 415 2478 quasi
434 2398 667 2476 grammaticus
681 2416 789 2478 sexus,
806 2399 864 2478 qui
879 2397 1083 2476 nominibus,
1101 2399 1268 2476 pronomi-

147 2503 247 2566 nibus
273 2510 306 2565 et
330 2505 517 2585 participiis
535 2507 634 2580 inest,
656 2503 742 2587 γένος
761 2504 850 2584 apud
864 2502 996 2566 Graecos
1016 2501 1213 2584 appellatur,
1237 2511 1270 2564 et

147 2607 253 2672 Varro
270 2609 333 2674 hoc
350 2610 549 2674 vocabulum
563 2610 654 2674 haud
668 2612 780 2691 inepte
795 2613 831 2673 in
854 2609 995 2673 latinum
1016 2628 1125 2671 rernm
1138 2607 1266 2672 vortit⁸.

149 2713 214 2777 Sed
244 2717 347 2778 ceteri
375 2717 583 2796 grammatici
607 2723 641 2780 et
659 2718 729 2797 jam
757 2720 828 2798 ipse
857 2714 981 2779 Varro⁴
1004 2718 1145 2794 figuram
1172 2718 1270 2794 graeci

150 2819 321 2904 «γένους»
351 2824 462 2904 potius
491 2841 590 2904 quam
618 2841 754 2886 sensum
783 2823 1025 2904 exprimentes,
1056 2841 1151 2900 penus
1181 2821 1271 2884 dixe-

147 2934 235 2990 runt.

192 3033 273 3097 Tria
296 3043 406 3098 autem
435 3055 546 3116 periero
574 3039 790 3100 nominantur
819 3037 907 3118 apud
935 3036 1135 3113 Varronem,
1167 3037 1294 3116 virile„

148 3141 308 3219 muliebre,
330 3141 489 3204 ιιειιιιιιιιιὅ
506 3164 514 3206 :
532 3162 673 3224 quorum
693 3146 864 3206 nominum
886 3145 996 3222 priora
1020 3143 1084 3204 duo
1104 3158 1171 3202 non
1187 3142 1271 3204 ohti-

149 3254 306 3327 nuerunt,
326 3254 363 3310 ut
386 3267 458 3330 quae
482 3250 576 3312 etad
599 3268 705 3329 genus
731 3249 905 3312 hominnm
930 3245 1155 3310 tantummodo
1170 3241 1273 3327 pcrti-

148 3362 279 3435 uerent,
297 3374 358 3419 nec
378 3373 484 3435 graeca
501 3381 516 3412 ι
533 3352 705 3442 ἀρσενικόν,
729 3353 877 3442 mirator
897 3380 912 3411 ι
930 3356 1063 3437 proprie
1082 3353 1269 3416 redderent.

150 3551 365 3560 -—-—.

177 3699 195 3736 ι.
210 3693 251 3738 Sic
268 3692 431 3739 nominantur
448 3693 545 3739 diversa
561 3704 653 3750 genera
669 3691 807 3738 dictionum
821 3694 874 3745 lam
892 3703 931 3748 ap.
947 3691 1024 3747 vore,
1039 3690 1100 3746 VIII,
1118 3696 1153 3746 44,
1171 3693 1218 3735 etc,
1237 3690 1272 3735 cl.

149 3753 245 3810 Quint,
258 3755 276 3809 Ι,
286 3761 307 3810 4,
319 3762 344 3800 17
351 3772 357 3810 ς
372 3756 464 3812 Scaur,
479 3756 507 3800 K.
518 3755 568 3811 Vll,
578 3767 601 3812 p.
613 3761 648 3810 ³4,
658 3757 705 3800 etc.
716 3754 802 3799 Velius
815 3756 899 3799 autom
914 3753 1012 3809 Longus
1026 3754 1063 3807 (K.
1076 3752 1125 3807 Vll,
1136 3763 1160 3809 p.
1172 3758 1205 3808 or,
1217 3754 1274 3804 etc.)

149 3815 235 3862 sedem
251 3817 418 3874 appellatione
432 3821 455 3863 et
469 3815 569 3874 singula
582 3815 705 3863 vocabula
720 3816 841 3872 designat.
854 3831 864 3853 ι
877 3813 1045 3862 ...abscondIt
1061 3813 1118 3860 Haec
1133 3814 1199 3859 enim
1217 3825 1273 3871 pars

149 3879 269 3924 orationis
280 3879 416 3936 composita
426 3881 470 3925 ast.
482 3897 492 3918 ι

175 3946 196 3985 s.
212 3942 294 3996 Arist,
305 3940 370 3988 lllrcl,
381 3942 450 3998 ceoj„
460 3942 499 3997 ΙΙΙ,
509 3947 529 3988 5.

175 4007 196 4046 ³.
211 4002 273 4055 Vlll,
284 4009 318 4048 46.

174 4071 196 4108 4.
211 4064 240 4118 X,
252 4070 273 4115 a.
282 4067 329 4110 etc.
345 4064 380 4110 Cf.
395 4064 454 4121 Cic,
466 4065 499 4111 De
515 4065 592 4119 Orat,
603 4063 642 4120 ΙΙΙ,
654 4070 688 4120 rr,
699 4066 737 4120 403
753 4062 865 4118 Quintil,
876 4062 895 4119 1,
905 4068 927 4117 4,
938 4067 976 4117 2³3
994 4060 1055 4106 Plin.
1071 4071 1110 4118 op.
1126 4059 1204 4114 chan,
1216 4059 1243 4105 K.
1254 4060 1263 4103 Ι

150 4136 172 4180 p.
184 4132 218 4180 tt,
230 4128 279 4171 etc.

175 4192 196 4233 5.
212 4186 524 4245 vtlt,en;1x‚4osq.,etc.

176 4253 196 4294 c.
212 4250 285 4295 Dion.
296 4249 362 4305 Thr„
373 4261 396 4306 p.
406 4255 441 4305 rs,
452 4253 498 4295 etc.
