3124 5050
729 464 951 528 *22-

284 607 481 673 Palaemonis
505 633 519 666 α
548 609 731 674 technicam
755 635 771 666 ι
787 609 947 692 linguam,
973 615 1027 674 cui
1051 615 1087 674 in
1108 619 1277 692 posterum
1298 629 1402 692 pauca

281 725 497 798 mutarentur,
516 717 641 797 aliquot
659 736 749 799 vero,
767 719 1005 782 ditescentibus
1020 721 1242 797 grammaticis
1257 719 1401 780 notioni-

282 825 354 904 hus,
372 818 601 887 adderentur¹.

326 929 417 1004 Quid
430 939 540 993 autem
555 929 725 994 Palaemon
740 935 960 1010 grammaticae
975 934 1123 994 scientiae
1137 939 1171 995 et
1184 931 1308 1012 linguae
1323 949 1400 994 con-

283 1036 423 1116 tulisset,
447 1040 661 1118 perspicuum
683 1037 783 1118 plane
804 1045 901 1116 esset,
920 1041 948 1100 si
972 1038 1170 1101 haberemus
1185 1037 1322 1119 aequalis
1335 1042 1401 1100 viri

282 1162 375 1225 opm,
394 1148 448 1206 cui
462 1161 582 1222 magna
595 1144 683 1223 apud
704 1151 852 1224 posteros
874 1145 1050 1207 auctoritas
1066 1145 1141 1206 data
1155 1152 1216 1225 est,
1237 1141 1276 1206 C.
1293 1143 1399 1206 Plinii

283 1250 429 1313 Secundi
453 1249 580 1314 scilicet
606 1251 733 1314 «dubii
760 1253 921 1314 sermonis
947 1275 961 1306 ι
987 1249 1119 1314 libros¹.
1147 1251 1237 1325 Quos
1262 1269 1399 1314 numero

282 1364 353 1420 octo
373 1356 507 1419 Plinius
531 1354 704 1419 Caecilius⁸
728 1364 838 1419 narrat
859 1357 999 1437 scriptos
1022 1375 1094 1420 esse
1120 1381 1136 1413 ι
1162 1358 1224 1420 suh
1254 1357 1396 1439 Nerone,

282 1464 472 1526 novissimis
486 1464 594 1546 annis,
612 1482 688 1528 cum
703 1482 801 1527 omne
822 1464 1007 1527 studiorum
1026 1481 1132 1543 genus
1147 1465 1245 1544 paulo
1259 1464 1399 1528 liberius

282 1575 314 1630 et
329 1572 470 1632 erectius
488 1570 711 1649 periculosum
733 1575 875 1633 servitus
896 1572 1031 1634 iecisset
1048 1593 1078 1651 ι,
1104 1571 1140 1632 id
1155 1579 1205 1634 est
1219 1589 1250 1634 a.
1268 1568 1309 1632 ot
1327 1580 1400 1651 post

284 1671 454 1737 Christum
463 1673 485 1737 ⁴.
499 1675 524 1736 Ε
537 1693 700 1738 consensu
712 1685 822 1739 autem
831 1681 990 1758 virorum,
1001 1681 1059 1758 qni
1070 1678 1109 1739 de
1120 1677 1175 1740 his
1185 1680 1400 1758 quaestionem

282 1779 478 1863 hahuerunt,
497 1790 529 1844 et
544 1801 560 1844 e
576 1783 783 1860 fragmentis,
801 1801 873 1864 quae
887 1782 930 1845 ad
948 1800 1008 1845 nos
1024 1790 1258 1864 pervenerunt,
1284 1780 1399 1861 colligi

281 1895 398 1968 potest,
417 1888 567 1951 Plinium
587 1907 701 1951 omnes
722 1889 792 1951 iere
814 1893 1034 1969 grammaticae
1059 1890 1138 1951 artis
1160 1897 1269 1970 partes
1285 1897 1398 1951 tracta-

282 1994 380 2056 visse.
399 1994 484 2056 Eum
498 2012 594 2075 porro
619 2013 695 2058 cum
719 1994 880 2074 plurimos
904 1996 1079 2075 scriptores
1097 2013 1221 2077 rerum,
1240 2002 1396 2074 oratores,

281 2107 392 2180 poetas
407 2102 485 2164 inde
500 2103 540 2163 ah
554 2103 785 2182 antiquissima
798 2110 891 2166 aetate
906 2105 1156 2191 pervestigans,
1169 2111 1239 2165 tum
1250 2106 1398 2166 omnium

280 2205 349 2268 iere
370 2212 660 2286 grammaticorum
679 2227 716 2272 ac
730 2209 950 2272 litteratorum
964 2217 997 2271 et
1012 2207 1202 2272 Graecorum
1217 2217 1249 2271 et
1265 2209 1397 2271 Latino-

282 2331 367 2393 rum,
386 2317 443 2393 qui
457 2315 556 2378 rebus
571 2314 795 2392 grammaticis
808 2331 940 2393 operam
954 2322 1142 2396 narrassent,
1161 2322 1323 2394 praecepta
1337 2314 1398 2377 suh

283 2417 419 2484 eramen
438 2439 584 2504 vocasse,
607 2423 664 2485 sed
683 2425 893 2504 potissimum
913 2422 1072 2487 Varronis
1091 2441 1130 2487 ac
1145 2420 1286 2486 Caesaris
1300 2421 1400 2484 vesti-

281 2529 346 2604 giis
370 2530 531 2593 institisse
560 2538 697 2594 constat.
730 2530 840 2594 Exeo
869 2535 980 2594 autem
1008 2530 1189 2594 hauserunt
1219 2528 1398 2608 Palaemon,

282 2631 416 2696 Flavius
438 2634 555 2718 Caper,
575 2635 689 2699 Julius
708 2635 877 2699 Romanus
893 2643 925 2698 el
947 2655 1005 2699 sou
1029 2655 1089 2716 per
1110 2655 1144 2699 se
1167 2637 1246 2716 ipsi,
1263 2654 1322 2699 sou
1344 2653 1404 2716 per

283 2740 504 2819 praecedentes
528 2744 759 2820 grammaticos
785 2760 900 2806 omnes
923 2742 992 2805 iere
1021 2743 1204 2823 artigraphi
1233 2742 1404 2823 usquead

285 2844 504 2909 Prisciannm.
527 2848 571 2909 At
591 2865 665 2909 rara
686 2854 812 2909 tantum
835 2856 867 2910 et
888 2850 1018 2911 minuta
1039 2855 1215 2930 supersunt
1231 2848 1303 2927 ejus
1317 2846 1404 2924 frag-

280 2961 403 3034 menta,
421 2971 493 3034 qnae
508 2957 637 3017 sincera
652 2958 904 3036 incorruptaque
918 2955 959 3018 ad
970 2973 1030 3018 nos
1041 2956 1230 3036 pervenisse
1242 2954 1404 3015 affirmare

282 3060 400 3139 possis,
424 3067 473 3138 ut,
499 3060 577 3123 licet
595 3061 786 3124 doctrinam
809 3060 916 3124 Plinii
945 3061 985 3123 de
1013 3059 1129 3123 multis
1163 3058 1401 3140 quaestionibus

282 3179 529 3249 cognoscamus,
554 3186 717 3249 perpauca
739 3171 952 3247 grammatica
972 3167 1130 3230 vocabula
1152 3185 1192 3230 ex
1207 3185 1246 3230 eo
1261 3170 1297 3229 in
1312 3165 1402 3228 huuc

281 3268 435 3334 libellum
456 3271 721 3354 assumpserim⁵¹
747 3273 851 3337 Nolui
874 3277 964 3336 euim
985 3291 1005 3335 a
1025 3277 1079 3336 via
1099 3273 1286 3353 deflectere,
1303 3289 1402 3352 quam

282 3393 334 3439 me
351 3387 499 3442 secutum
514 3399 584 3444 esse
602 3381 642 3443 de
659 3380 846 3444 Palaemone
861 3381 1028 3461 professus
1044 3399 1129 3461 sum,
1142 3396 1204 3442 nec
1218 3377 1401 3457 ingeniosis

310 3581 330 3621 1.
345 3575 398 3622 Non
409 3577 481 3634 plura
489 3578 530 3624 hic
540 3579 571 3624 ds
580 3578 709 3625 vocabulis
719 3577 880 3632 Palaemonis3
892 3589 947 3634 quse
957 3578 978 3623 si
989 3576 1139 3634 perlustrare
1149 3574 1219 3631 velis,
1226 3574 1282 3620 vide
1293 3573 1401 3619 indicem

283 3641 411 3684 auctorum
420 3651 439 3684 s.
451 3639 588 3686 Palaemone
598 3644 622 3686 ot
632 3640 828 3695 conclusionem,
840 3652 863 3697 p.
876 3645 913 3684 162
924 3651 960 3697 sq.

310 3707 330 3746 t.
346 3699 381 3745 Cf.
391 3702 526 3757 praesertim
541 3701 639 3759 Lersch,
653 3703 820 3760 sprartptit,
832 3702 850 3757 Ι,
860 3713 885 3759 p.
896 3707 994 3754 150459,
1005 3705 1089 3746 tte-tor
1099 3716 1105 3755 ς
1115 3700 1145 3756 ΙΙ,
1157 3711 1182 3756 p.
1194 3702 1232 3744 157
1247 3710 1299 3756 sq.;
1313 3697 1404 3743 schott-

284 3761 395 3817 mueller,
404 3765 438 3808 lle
448 3765 471 3809 C.
480 3763 558 3810 Plinii
567 3763 673 3811 Secundi
681 3763 738 3810 libr.
747 3776 860 3823 premnt,
867 3764 930 3809 Part.
939 3764 948 3808 Ι
957 3765 1042 3819 (retem
1053 3762 1235 3816 Neumann,1)e
1247 3760 1321 3806 Plinii
1330 3757 1405 3804 Dubii

283 3824 408 3870 semonia
422 3824 511 3879 Libris,
521 3827 632 3874 Clamaii
646 3831 667 3873 et
680 3827 808 3872 Prisciani
821 3824 932 3882 fontibus
941 3828 1025 3879 usam
1040 3824 1150 3880 sentilla,
1163 3825 1196 3869 De
1210 3822 1288 3868 Plinii
1300 3818 1405 3868 Secundi

284 3883 347 3931 stud.
363 3890 587 3946 granintot.(188³l;
605 3889 631 3934 0.
647 3889 757 3938 Froelrde.
768 3889 803 3933 De
818 3889 841 3932 C.
852 3885 918 3933 lulio
935 3887 1051 3938 lontano,
1061 3889 1107 3931 etc.
1119 3886 1198 3941 (1892),
1209 3897 1233 3942 p.
1244 3889 1346 3939 alloes,
1361 3881 1405 3935 lu,

288 3946 367 3993 l'nleri
375 3949 450 3994 Probi
459 3947 488 3996 de
498 3951 598 3997 nomine
607 3949 714 3996 libellum
725 3949 803 3995 Plinii
811 3946 920 3994 Secundi
930 3946 1068 3994 doctrinam
1078 3949 1203 3993 continere
1213 3944 1405 3993 demonstratur,

284 4011 309 4054 in
326 4008 472 4057 Fleckeisen
485 4011 618 4069 snpplem,
632 4012 684 4058 xlx
698 4014 778 4067 (189³),
789 4023 814 4067 p.
826 4015 927 4066 litata,
943 4009 970 4054 in
985 4009 1073 4056 eodem
1088 4007 1217 4054 volumine
1231 4007 1303 4062 Beck,
1317 4002 1405 4051 Studia

285 4069 398 4118 Gallione
407 4077 429 4118 et
439 4072 566 4127 Pliniana,
576 4087 599 4131 p.
611 4077 668 4120 a-tt.

310 4139 331 4179 a.
345 4133 430 4192 Epist,
441 4136 480 4192 ΙΙΙ,
490 4143 511 4180 ⁵.

310 4202 331 4242 t.
347 4197 483 4254 Marschall
493 4197 508 4244 l.
520 4210 549 4251 n,
559 4210 582 4256 p.
593 4205 614 4244 a.
1067 4247 1074 4260 ,

310 4263 332 4306 t.
346 4258 465 4319 Pleraque
475 4260 541 4318 apud
552 4260 689 4308 charisium
701 4257 861 4317 deprehendi,
872 4258 899 4304 K.
912 4258 928 4316 Ι,
941 4269 967 4315 p.
979 4262 1075 4306 tlt-147.
