3124 5050
742 487 785 502 ...
832 453 877 518 54
922 491 966 504 .-

295 605 460 678 tamquam
469 597 596 660 catenis
611 597 721 660 Latini
736 601 941 676 grammatici
951 601 1234 674 constringuntur.
1247 597 1363 680 Itaque
1378 617 1414 660 ex

294 705 492 784 aspiratione
512 712 543 767 et
563 707 646 786 ipse,
665 705 722 768 sed
741 707 777 766 in
796 705 877 768 duas
896 711 1023 768 mutum
1043 709 1181 784 species,
1198 712 1415 768 consonantes

294 817 433 890 separat,
449 809 569 874 alterae
584 810 710 874 scilicet
725 827 798 891 quae
814 818 973 874 vocantur
986 811 1139 890 spiritales
1155 807 1196 893 (c,
1206 829 1241 889 p,
1255 805 1291 894 t),
1311 836 1327 865 ι
1342 815 1417 892 quia

295 915 348 978 his
363 919 383 978 it
397 915 505 978 littera
522 916 669 996 subjecta
689 917 807 980 inserit
821 917 974 996 spiritum
992 939 1022 996 ι,
1037 915 1158 978 alteras
1173 913 1219 998 (b,
1235 936 1266 994 9,
1287 916 1318 992 d,
1338 936 1370 994 q,
1388 925 1416 976 et

294 1022 508 1087 semivocales
525 1049 541 1079 ‹
554 1024 676 1104 absque
687 1023 757 1086 sols
770 1042 789 1084 r
801 1019 845 1106 ι),
862 1049 876 1078 ι
889 1041 962 1104 quae
978 1023 1054 1086 ideo
1067 1024 1173 1100 ripida
1186 1027 1414 1103 nominantur,

294 1131 372 1210 quia
395 1129 520 1193 nullam
546 1147 658 1192 carum
683 1129 796 1192 eadem
821 1132 842 1192 t
865 1129 906 1192 ad
929 1129 1151 1210 recipiendam
1181 1132 1416 1209 aspirationem

294 1237 401 1300 ilectat
418 1259 447 1299 ι.
466 1236 565 1300 Prius
583 1245 693 1299 autem
713 1237 831 1300 horum
851 1235 1086 1300 vocabulorum
1101 1254 1139 1298 es
1157 1261 1172 1290 e
1190 1237 1313 1316 spiritu
1331 1260 1346 1290 ι
1365 1237 1417 1299 de-

294 1342 428 1404 ductum
449 1361 520 1406 esso
540 1341 657 1423 liquet,
678 1342 830 1423 alterum,
848 1341 1045 1422 jamdudum
1067 1361 1086 1404 a
1106 1341 1233 1404 Latinis
1257 1351 1415 1422 creatmn,

295 1447 517 1528 metaphorice
531 1467 551 1510 a
565 1447 736 1512 Victorino
751 1457 946 1530 usurpatum
961 1457 1030 1510 est:
1047 1456 1222 1528 utrumque
1238 1449 1312 1510 sine
1327 1447 1418 1510 Grae·

296 1572 407 1618 mrum
421 1559 614 1618 auctoritate
629 1557 665 1617 in
680 1559 927 1635 grammaticam
941 1554 1136 1618 translatum
1151 1573 1223 1617 esse
1236 1555 1382 1617 videtur.

340 1659 529 1724 Notandum
549 1670 714 1742 postremo
729 1670 778 1724 est
793 1664 812 1723 t
830 1661 973 1724 litteram
988 1678 1008 1722 a
1021 1660 1193 1724 Victorino
1211 1664 1419 1740 monoptoton

295 1763 480 1853 (μονόφωνον
492 1763 514 1848 ¹)
526 1767 646 1832 dictam
658 1786 741 1846 esse,
757 1794 773 1824 ι
786 1769 865 1848 quia
879 1767 965 1830 nulli
976 1767 1080 1831 vocali
1093 1769 1257 1848 jimgitur,
1274 1769 1344 1830 nisi
1360 1767 1419 1831 soli

296 1892 315 1934 o
329 1873 421 1936 brevi
440 1892 470 1953 »ς
486 1882 518 1936 et
531 1891 565 1952 a,
582 1893 600 1934 a
615 1893 633 1936 a
648 1874 801 1954 pluribus
820 1875 953 1956 duplices
964 1871 986 1954 ²,
1004 1892 1024 1935 a
1043 1873 1216 1936 Prisciano
1230 1883 1342 1936 autem
1357 1877 1420 1935 ion-

296 1997 372 2058 pos3
398 2004 413 2033 ι
431 1984 517 2044 sicut
537 1983 625 2042 enim
646 1979 754 2061 longas
769 1979 910 2060 vocales,
928 1983 976 2043 sio
995 1979 1048 2041 he
1069 1997 1199 2061 quoque
1218 1980 1354 2058 longam
1375 1981 1389 2042 i
1407 2016 1418 2025 -

297 2088 389 2148 ciunt
404 2084 586 2166 syllabam⁸
604 2110 634 2150 ι.

342 2191 572 2255 Peculiaribus
592 2196 759 2270 insignitae
781 2199 859 2256 sunt
878 2193 1070 2256 nominibus
1091 2192 1306 2256 semivocales
1326 2195 1349 2270 l,
1372 2213 1418 2270 m,

299 2317 331 2376 n,
359 2316 403 2360 r:
428 2315 518 2363 nunc
541 2302 631 2361 enim
652 2297 806 2380 liquidas‘,
831 2315 922 2362 nunc
944 2299 1158 2376 immutabile,
1182 2317 1201 2360 a
1226 2299 1421 2362 Prisciano⁵

300 2413 457 2484 praeterea
485 2409 630 2484 ancipites
660 2413 904 2486 nuncupantur.
931 2405 1089 2485 Liquidas
1116 2405 1251 2485 quidem
1275 2411 1308 2466 st
1331 2407 1421 2467 anci·

299 2513 383 2589 pites
403 2511 562 2592 appellari
582 2529 680 2593 supra
704 2515 957 2575 commemoravi
978 2510 1121 2592 vocales,
1144 2528 1227 2592 quae,
1252 2530 1272 2573 a
1292 2511 1422 2574 Latinis

299 2635 365 2680 uno
384 2617 542 2680 vocabulo
562 2620 739 2680 nominatae
760 2625 792 2679 st
811 2636 879 2680 una
897 2617 1002 2680 lomna
1020 2618 1204 2698 descripta,
1224 2621 1262 2680 in
1279 2618 1421 2681 dicendo

299 2731 408 2786 tamen
421 2724 519 2787 modo
533 2725 710 2804 p1oductes,
730 2725 826 2787 modo
843 2733 998 2805 correptae
1014 2725 1283 2804 pronuntiantur.
1297 2725 1422 2787 Eadem

299 2833 424 2892 satione
440 2829 583 2910 liquidas
594 2838 811 2894 consonantes
826 2847 923 2893 suum
937 2848 1059 2895 nomen
1068 2833 1233 2910 accepisse
1243 2832 1422 2894 arbitratus

299 2942 349 2998 est
364 2935 556 2998 Priscianus
566 2935 588 3016 ⁶,
602 2937 742 3017 ideoque
760 2955 925 3016 perverse,
936 2944 973 2998 ut
987 2936 1071 2998 mihi
1087 2936 1218 2999 videtur
1231 2933 1314 3020 (non
1332 2939 1422 2999 enirn

300 3041 351 3104 hae
367 3041 499 3121 litteras,
518 3043 574 3104 sed
594 3042 731 3124 syllaba,
748 3059 820 3124 quae
842 3044 884 3106 iis
901 3043 1112 3123 preponitur,
1126 3044 1202 3124 jure
1218 3059 1340 3124 anceps
1354 3045 1421 3106 dici

299 3145 431 3230 potest),
449 3151 608 3228 ancipites
623 3167 753 3230 quoque
768 3153 906 3212 vocavit.
927 3173 944 3203 ι
961 3149 1111 3230 Liquidae
1126 3173 1140 3204 υ
1157 3157 1267 3212 autem
1281 3152 1420 3213 vocabu·

300 3255 371 3317 lum
384 3274 403 3317 a
417 3271 523 3332 graeco
541 3279 555 3310 s
573 3252 616 3320 τὰ
632 3251 731 3340 ippci²
751 3278 765 3307 »
781 3273 848 3318 non
864 3257 975 3336 inepte
990 3255 1186 3318 translatum
1201 3265 1262 3320 est.
1278 3255 1316 3320 Si
1331 3258 1420 3318 enim

301 3362 451 3441 byzantio
467 3361 578 3424 Psello
590 3363 745 3444 creditur,
762 3357 806 3427 τὰ
821 3357 901 3446 ὑγρά
915 3365 1127 3442 sivep1opter
1141 3363 1420 3444 pronuntiationis

300 3468 495 3530 facilitatem
514 3470 683 3531 noniinata
702 3476 790 3548 sunt,
813 3469 883 3532 sive
902 3467 1104 3550 metaphora,
1127 3468 1214 3550 quod
1233 3469 1353 3550 liquidi
1369 3485 1419 3531 co·

305 3640 513 3648 μ...-

329 3752 349 3789 1.
364 3744 415 3790 Hoc
427 3745 575 3790 vocabulum
586 3745 652 3801 apud
663 3743 761 3790 nulium
772 3745 883 3792 utacum
894 3744 1080 3801 grammaticum
1091 3745 1307 3803 deprehendimus.

329 3813 349 3852 t.
365 3807 400 3853 Ci.
415 3808 516 3864 Charis,
530 3809 558 3854 li.
570 3809 587 3862 1,
599 3820 621 3864 p.
632 3813 657 3864 ὅς
673 3808 792 3863 Diomed,
809 3807 852 3862 id,
864 3819 888 3864 p.
898 3813 951 3864 4233
966 3807 1091 3861 Priscian,
1101 3807 1129 3852 li.
1140 3807 1168 3862 ll,
1178 3819 1202 3863 p.
1214 3813 1248 3861 10,
1258 3813 1304 3853 etc.
1316 3805 1348 3853 Ci.
1359 3808 1416 3849 teti

303 3869 334 3916 de
346 3873 364 3920 l.
376 3871 393 3918 i.
405 3877 418 3926 ψ
430 3881 468 3926 ap.
479 3871 549 3916 Dion.
561 3870 624 3922 Tim,
635 3881 658 3925 p.
669 3876 702 3914 14.

329 3937 350 3976 t.
365 3933 390 3976 L.
401 3942 420 3977 c.
433 3932 468 3978 el.
479 3932 544 3978 inira
554 3932 584 3976 de
594 3931 752 3988 ancipitibus.

329 3999 350 4036 t.
365 3993 417 4038 Jcm
428 4006 467 4051 sp.
479 3996 605 4047 Scaurum,
616 3993 644 4038 li.
654 3993 703 4048 Vll,
714 4007 737 4050 p.
749 3999 782 4044 so.

330 4061 350 4101 5.
366 4056 390 4099 t.
401 4067 421 4100 c.

330 4124 350 4162 o.
366 4119 391 4162 L.
402 4131 420 4164 c.
433 4136 442 4156 α
454 4123 513 4172 Quae
524 4117 596 4163 modo
612 4119 712 4176 longam
723 4118 796 4164 modo
811 4117 912 4164 brevem
926 4121 980 4176 post
995 4120 1076 4163 mutas
1090 4116 1175 4174 positae
1189 4117 1216 4161 in
1227 4116 1313 4162 eadem
1327 4112 1415 4172 syllaba

305 4178 399 4226 iaciunt
409 4181 536 4237 syllabam.
550 4198 560 4218 ι

331 4250 351 4288 t.
366 4243 437 4289 ilion.
447 4243 511 4298 Titn,
522 4256 545 4300 p.
557 4249 591 4287 lt.
