3124 5050
739 461 960 525 ..gg-

291 603 393 666 libros
412 621 498 685 saepe
517 604 807 673 t1·ansle1·rentu1·¹.
829 605 877 667 lix
899 604 962 667 hoc
988 621 1108 682 genere
1129 611 1178 666 est
1198 604 1289 684 prior
1309 602 1412 670 libro·

291 707 392 789 rnm',
409 711 496 790 qui«
510 711 619 790 Sergii
636 711 881 791 explanationes
897 715 932 772 in
947 710 1113 772 Donatum
1127 711 1383 772 »inscribuntur
1399 728 1407 770 :

291 834 356 896 quo
380 835 415 878 re
440 834 517 879 vera
541 825 573 880 et
592 817 714 880 Donati
739 836 791 880 ars
820 821 929 880 minor
957 824 989 878 et
1017 815 1127 878 Seruii
1155 819 1411 879 commentarius

291 923 517 1002 explanantur.
535 925 661 986 Auctor
680 941 757 1002 ergo
772 931 846 1004 post
862 923 1016 986 Servium
1029 920 1142 1000 vixit³,
1154 923 1212 985 sed
1226 928 1301 984 ante
1312 921 1410 984 Pom·

292 1034 414 1110 peium,
429 1033 486 1110 qui
498 1049 573 1092 eum
584 1030 776 1093 adhibuisse
787 1031 929 1093 videtur.
941 1029 1095 1092 Dubitari
1104 1046 1183 1092 vero
1198 1037 1316 1110 potest,
1329 1047 1411 1091 num

291 1136 377 1198 liber
391 1135 426 1196 ll
442 1137 482 1197 ab
498 1137 614 1199 eodem
630 1145 761 1200 auctore
781 1138 922 1216 scriptus
943 1133 1016 1198 sit⁴.
1034 1135 1194 1214 Excerpta
1213 1137 1304 1197 enim
1323 1153 1411 1198 com-

292 1241 466 1322 prehendit
481 1262 519 1305 ex
536 1242 675 1305 diversis
690 1245 911 1322 grammaticis
927 1242 1034 1305 soluto
1049 1243 1117 1304 fere
1128 1241 1255 1324 ordine,
1269 1261 1377 1321 neque
1393 1260 1412 1302 a

293 1347 409 1411 Servio
424 1347 579 1427 pendor.

336 1454 445 1517 Servii
470 1460 704 1519 commentario
733 1463 764 1519 et
794 1455 905 1533 Sergii
935 1455 1223 1536 explanationibus
1251 1475 1331 1518 usus
1362 1465 1411 1517 est

292 1559 482 1641 Pompeius,
500 1565 557 1642 qui
572 1561 602 1622 V
616 1563 737 1626 saeculo
755 1587 770 1616 «
784 1565 1095 1626 coniurentumartis
1107 1560 1230 1624 Donati
1242 1586 1272 1642 ι,
1286 1561 1410 1625 scholis

292 1666 554 1730 destinatnmvel
565 1687 605 1730 ex
616 1688 677 1730 usu
694 1668 880 1732 scholarum
897 1669 1091 1748 profectum,
1110 1672 1304 1748 composuit.
1319 1669 1411 1730 Licet

292 1773 379 1853 apud
392 1778 621 1852 grammaticos
641 1775 764 1836 inlimae
784 1775 889 1836 aetatis
910 1774 1036 1837 nullius
1056 1776 1261 1852 grammatici
1276 1792 1408 1854 nomen,

291 1886 409 1958 praeter
435 1879 611 1959 Prisciani,
643 1880 776 1959 Donati,
805 1889 836 1943 et
866 1880 988 1961 Servii,
1014 1882 1221 1960 frequentius
1246 1882 1289 1942 sit
1313 1900 1411 1960 quam

292 1985 455 2065 Pompeii,
483 2005 586 2067 pauca
609 1991 688 2050 satis
713 1995 809 2050 erunt
831 1987 870 2048 de
896 1988 967 2067 ejus
992 1985 1089 2066 libro,
1108 1990 1143 2049 in
1166 2005 1232 2066 quo
1255 1987 1411 2068 pleraque

292 2095 403 2172 inepte
419 2100 451 2154 et
465 2093 648 2174 pueriliter,
667 2094 805 2156 verbosa
819 2102 850 2155 et
864 2094 1037 2155 fastidiosa
1050 2097 1156 2173 copia,
1174 2093 1412 2156 molestissima

294 2217 404 2260 rerum
426 2202 672 2261 tritissimarum
692 2202 888 2280 repetitione
905 2197 1112 2262 tractantur⁶.
1131 2199 1289 2279 Majorem
1309 2208 1412 2262 artem

291 2303 414 2370 Donati
447 2306 671 2368 tantummodo
699 2305 879 2387 Pompeius
910 2306 1113 2386 explanavit,
1147 2324 1219 2367 eam
1249 2309 1410 2368 rationem

293 2420 436 2489 secutus,
454 2420 491 2474 ut
510 2412 704 2493 plerumque
727 2419 889 2492 praecepta
910 2430 982 2491 quae
1004 2413 1090 2492 apud
1114 2411 1210 2474 illum
1231 2415 1409 2490 inveniret,

292 2516 390 2595 longo
406 2537 555 2581 sermone
571 2518 798 2600 amplificaret,
816 2528 860 2598 et,
878 2519 1017 2582 aliorum
1033 2519 1322 2596 grannnaticorum
1337 2519 1412 2582 doc·

294 2627 379 2684 trina
393 2631 587 2705 comparata,
604 2624 658 2688 vel
674 2624 864 2688 defenderet
878 2625 933 2688 vel
948 2629 1137 2703 corrigeret.
1160 2625 1275 2703 Neque
1297 2629 1334 2686 in
1353 2627 1409 2705 iis,

291 2747 364 2809 (quae
378 2730 472 2793 illum
490 2750 527 2792 ex
544 2750 603 2794 suo
619 2751 707 2812 penu
723 2732 966 2812 deprompsisse
982 2733 1106 2812 credas,
1120 2730 1284 2810 praeclarae
1301 2733 1413 2794 erudi-

293 2839 392 2899 tionis
409 2845 464 2898 ant
478 2839 589 2916 magni
613 2837 735 2902 laboris
759 2838 831 2900 laus
855 2839 886 2900 ei
911 2839 1049 2901 debetur
1066 2859 1073 2899 :
1090 2841 1213 2917 quippe
1237 2827 1315 2901 tunc
1329 2845 1411 2901 tem-

292 2946 381 3022 poris
403 2942 531 3020 vulgari
555 2951 586 3004 et
608 2944 773 3006 cotidiano
796 2944 865 3006 fere
889 2963 953 3006 usu
972 2948 1008 3006 in
1024 2943 1147 3007 scholis
1171 2951 1274 3007 erant.
1293 2943 1410 3024 Neque

291 3050 386 3110 uobis
400 3067 553 3128 magnam
563 3047 741 3112 utilitatem
752 3052 867 3112 afferre
883 3059 1033 3131 possunt,
1048 3067 1119 3129 quae
1133 3049 1298 3131 Jamapud
1314 3069 1410 3130 supe·

291 3158 394 3242 riores
411 3155 615 3236 artigraphos
632 3156 933 3237 deprehendantur.

335 3262 531 3341 Pompeium
550 3265 693 3325 invicem
713 3263 904 3325 adhibuisse
925 3265 1070 3326 creditur
1095 3262 1287 3342 Cledonius,
1314 3263 1409 3342 cujus

290 3387 409 3432 nomen
426 3373 461 3430 in
477 3368 587 3431 codice
602 3368 650 3430 VI
666 3369 780 3431 saeculi
795 3378 954 3449 corruptae
967 3376 998 3432 et
1013 3371 1208 3450 perturbatae
1225 3373 1287 3430 arti
1302 3387 1409 3447 gram-

289 3477 416 3537 matirae
444 3475 627 3555 praefertur.
658 3475 723 3538 Hic
756 3472 907 3538 libellus⁷
935 3479 1081 3555 primum
1114 3475 1254 3545 duarum
1289 3479 1409 3538 artium

306 3755 335 3790 .1.
353 3745 387 3791 Cl.
399 3746 427 3790 li.
438 3747 477 3801 tv,
487 3760 510 3804 p.
522 3761 576 3791 arn.

315 3814 335 3851 a.
350 3807 395 3862 ld,
405 3820 428 3864 p.
439 3815 535 3855 rae-5³4.

315 3876 335 3914 a.
351 3871 412 3926 Eum
425 3871 536 3916 nominat
550 3890 559 3909 ι
571 3870 716 3928 magistrum
727 3871 839 3917 Servium
850 3888 870 3925 ι,
879 3882 903 3927 p.
913 3877 961 3915 496.

314 3941 335 3978 4.
350 3933 418 3988 Jeep,
429 3932 444 3977 l.
455 3944 484 3984 c,
494 3945 517 3990 p.
529 3941 554 3978 ³7
565 3946 617 3990 sqq.

313 4003 334 4042 5.
349 3995 383 4041 Da
398 4007 427 4040 eo
443 3995 505 4040 libro
520 3996 626 4040 maxime
641 3995 690 4040 dici
706 3997 786 4052 potest
796 3995 861 4052 quod
877 3995 903 4040 0.
919 3989 1189 4048 Froelrde(Fleclteiseaa
1203 3992 1420 4050 Supplem.‚1sea,-

287 4071 311 4115 p.
321 4059 367 4110 199)
376 4057 515 4102 contendit:
525 4076 534 4095 α
544 4057 620 4113 sergii
631 4057 818 4113 explanationes
829 4057 855 4101 in
866 4057 987 4102 Donatum
997 4067 1029 4100 ex
1038 4053 1156 4100 omnibus
1165 4053 1333 4110 grammaticis
1345 4064 1408 4098 sum·

287 4131 352 4164 mam
363 4118 552 4163 similitudinem
564 4131 620 4163 cum
631 4119 741 4165 charisio
752 4122 775 4163 et
785 4118 862 4162 Probo
872 4117 989 4175 prebent.
1002 4135 1012 4156 »

313 4188 333 4227 6.
349 4181 384 4226 Cl.
395 4181 423 4226 ll.
437 4182 462 4234 V,
474 4193 496 4237 p.
508 4187 583 4236 tta-983
593 4182 662 4237 Jeep,
673 4180 688 4226 l.
701 4193 729 4231 a,
740 4193 764 4237 p.
774 4185 845 4226 43-55.

314 4250 333 4289 t.
349 4243 461 4296 Cledonii
470 4247 547 4294 artem
558 4244 741 4300 grammaticam
753 4243 830 4288 edidit
839 4245 895 4300 post
905 4241 1013 4287 lleilinm
1024 4241 1123 4286 Bartsch
1135 4241 1211 4294 (iser).
1258 4223 1260 4226 ⁵
