3124 5050
565 467 788 532 -27,....

117 611 241 676 librum
255 612 436 674 abundasse
455 631 515 692 per
538 631 573 674 se
593 619 693 692 patet.
718 614 826 692 Atque
844 608 1006 674 Scaurum
1021 607 1233 689 Palaemonis,

116 722 174 800 qui
191 727 270 782 tunc
283 723 440 800 temporis
455 723 491 781 in
506 726 597 782 tanta
611 723 760 798 gratiaci
774 721 966 782 auctoritate
978 724 1058 797 erat,
1075 720 1237 794 rationem

116 827 286 908 habuisse,
312 843 374 888 nec
398 833 519 908 tamen,
546 847 622 890 cum
646 831 718 908 ipse
741 830 793 890 vir
821 827 1114 906 praestantissimus
1134 831 1236 886 artem

118 933 214 997 cdere
236 934 409 1014 voluisset,
439 953 515 997 eum
544 933 711 998 serviliter
739 941 889 997 secutum
918 951 990 995 esse
1019 937 1145 995 certum
1173 939 1234 1014 est.

117 1040 306 1121 Perspectis
330 1045 441 1102 autem
463 1039 627 1120 reliquiis,
652 1058 733 1120 quas
758 1036 960 1102 Kuuurow¹
986 1040 1181 1118 composuit,
1205 1045 1237 1098 et

117 1163 188 1228 quae
205 1151 304 1211 initio
324 1146 391 1208 Vll
414 1148 594 1210 voluminis
614 1147 699 1208 Ksm
722 1145 915 1227 publicavit,
931 1142 1021 1206 nihil
1039 1143 1107 1205 iere
1122 1145 1237 1205 inveni

115 1255 204 1335 quod
218 1255 361 1334 alicujus
381 1233 542 1318 momenti
557 1253 599 1317 ad
619 1272 731 1317 meum
750 1256 956 1334 propositum
978 1257 1075 1331 esset,
1094 1266 1234 1330 quoque,

116 1363 197 1442 quid
224 1365 314 1425 inter
341 1361 565 1424 Palaemonem
598 1367 631 1423 et
661 1358 823 1424 Scaurum
851 1363 1044 1436 interesset,
1076 1359 1237 1435 suspicari

116 1486 258 1549 possem.
794 1547 796 1551 ,
1010 1531 1012 1534 ,

159 1573 303 1637 Illorum
324 1577 632 1654 grammaticorum,
660 1576 717 1653 qui
741 1573 783 1634 iis
808 1570 1013 1650 temporibus
1037 1569 1234 1648 floruerunt,
1321 1555 1324 1560 ’

117 1698 190 1743 cum
199 1680 314 1766 Romae
326 1678 437 1742 studia
446 1680 658 1758 grammatica
667 1679 833 1759 vigebant,
847 1693 966 1754 agmen
977 1681 1095 1752 cogant
1107 1675 1147 1735 A.
1162 1672 1238 1735 Gel-

115 1787 180 1849 lius
195 1794 228 1848 et
244 1785 322 1850 Sex.
341 1786 520 1866 Pompeius
535 1785 665 1848 Festus.
684 1785 891 1865 Quamquam
906 1784 947 1845 A.
967 1777 1117 1843 Gellius’
1133 1797 1238 1858 gram-

115 1896 255 1955 maticus
270 1909 331 1954 nec
346 1892 409 1954 luit
424 1909 485 1954 nec
500 1891 704 1955 esse'voluit.
724 1890 791 1954 Sed
805 1893 892 1952 inter
906 1888 981 1952 illas
997 1889 1236 1964 adnotationes,

116 2017 194 2078 quas
209 2001 286 2060 sine
301 1998 417 2060 ordine
432 2006 599 2079 excerptas
615 1997 730 2078 edidit,
749 1995 911 2060 nonnulla
928 1977 1005 2058 sunt
1021 2013 1061 2057 11
1079 2011 1240 2072 gramma-

118 2101 211 2167 tica³.
236 2103 332 2185 Quae,
357 2107 387 2166 si
408 2102 559 2166 Bscurc⁴
575 2106 730 2184 creditur,
748 2103 903 2185 pleraque
922 2121 962 2165 11
983 2101 1096 2163 Plinio
1114 2101 1237 2162 hausit.

116 2208 287 2290 Quicquid
301 2210 337 2272 id
352 2215 412 2288 est,
430 2209 557 2290 aliquot
573 2211 613 2274 de
629 2210 765 2288 Nigidio
781 2208 901 2287 Figulo
917 2216 949 2271 et
961 2205 1101 2285 Cessare,
1115 2205 1241 2286 aliquot

115 2318 154 2380 de
168 2316 344 2380 vocabulis
364 2317 400 2378 II
419 2316 532 2379 saculi
551 2319 774 2395 grammaticis
794 2306 985 2378 testimouia
1003 2313 1242 2394 pretiosissima

115 2426 146 2487 ei
161 2426 336 2488 debemus.
823 2472 824 2475 ,

160 2530 238 2596 Ser.
261 2531 415 2610 Pompeii
430 2529 534 2610 Festi,
553 2533 778 2611 epitomatoris
788 2529 900 2591 Verrii
915 2526 1036 2609 Flacci,
1050 2534 1130 2589 aetas‘
1143 2530 1241 2590 certis

114 2637 236 2700 finibus
252 2637 484 2701 circumscribi
499 2655 565 2700 uon
580 2643 700 2718 potest.
714 2635 780 2699 Sed
796 2637 829 2697 in
841 2636 877 2696 ΙΙ
893 2634 1013 2698 saeoulo
1028 2653 1104 2696 eum
1119 2636 1239 2696 vixisse

116 2747 190 2808 inde
210 2752 316 2827 patet,
341 2746 429 2825 quod
448 2748 521 2824 ipse
537 2744 698 2806 Martialis
713 2759 847 2807 versum
861 2741 979 2804 Verrio
1000 2740 1126 2804 addidit
1136 2739 1158 2822 ⁵,
1176 2748 1208 2802 et
1223 2759 1242 2802 a

115 2849 370 2934 Ρο11111γ1101116
384 2851 551 2914 adhibitus
568 2848 648 2914 est⁷.
667 2850 822 2913 Unumne
842 2849 952 2912 Verrii
974 2872 989 2901 «
1008 2848 1047 2910 de
1067 2847 1241 2910 verborum

115 2960 307 3036 significatu
324 2981 339 3011 »
364 2976 458 3040 opus,
475 2976 518 3020 an
531 2957 644 3038 plures
661 2957 808 3038 ejusdem
830 2959 972 3018 auctoris
992 2954 1095 3016 libros
1111 2971 1241 3035 excarp-

115 3067 203 3146 serit,
221 3084 265 3128 an
286 3063 431 3126 aliorum
445 3081 574 3144 quoque
594 3066 792 3142 scriptorum
812 3063 1104 3124 commentationes
1125 3058 1242 3138 adjun-

115 3174 207 3253 xerit,
226 3177 393 3252 quatenus
408 3171 549 3250 denique
570 3173 643 3250 ipse
662 3187 679 3231 e
695 3187 754 3232 suo
776 3169 932 3230 doctrinae
948 3185 1037 3247 penu
1052 3166 1241 3228 introduxe-

115 3280 167 3357 rit,
185 3278 382 3354 ambigitur.
399 3275 572 3350 Quomodo
587 3281 697 3338 autern
712 3275 771 3337 illo
786 3292 866 3336 usus
884 3276 959 3352 sim,
976 3271 1050 3334 vide
1067 3290 1166 3351 supra
1181 3271 1242 3334 sub

117 3381 244 3463 Verrio,
263 3404 301 3464 p.
323 3379 375 3445 18.
710 3454 713 3462 ,

158 3491 345 3570 Hactenus,
358 3507 377 3550 a
391 3488 580 3551 Palaemone
590 3506 696 3568 usque
711 3487 754 3549 ad
764 3486 914 3549 finem-II
930 3484 1043 3548 saeculi
1057 3492 1131 3564 post
1145 3481 1240 3564 Chr,

116 3600 340 3672 grammaticae
361 3595 447 3676 apud
469 3595 637 3657 Romanos
656 3595 751 3674 quasi
772 3609 906 3654 auream
927 3598 1056 3653 aetatsm
1080 3593 1242 3670 percurri-

142 3836 162 3936 l.
176 3830 399 3944 lilzllretzchmer,
414 3890 449 3935 De
463 3889 487 3934 Α.
504 3885 575 3934 Gellii
588 3886 714 3940 Fontibus,
724 3887 734 3931 1
744 3887 792 3941 (186
802 3887 830 3941 .),
845 3883 922 3939 Beck,
934 3881 1024 3930 Studio
1038 3881 1152 3929 Gettiooc
1166 3881 1244 3929 11111-

119 3953 204 4006 1110110,
215 3953 241 3999 in
253 3949 511 4008 111111111111811011.,
521 3950 574 3996 lilX
585 3950 663 4003 (1893).

142 4021 161 4120 ἲ,
176 4016 249 4123 {aiom
260 4011 377 4071 Proefat.,
388 4017 413 4057 11
424 4023 461 4068 sq.

142 4141 162 4247 ἓ.
177 4139 338 4258 ῗ1ῗ161911111110
349 4197 416 4243 lebte
426 4194 635 4242 wahrscheinlich
643 4205 686 4239 um
700 4195 789 4238 100150
801 4203 825 4236 11.
837 4191 892 4239 Chr.
904 4209 914 4230 »
925 4187 1051 4246 (1111111111,
1063 4199 1090 4232 nv
1100 4192 1148 4243 174,
1159 4187 1190 4240 3.)

143 4270 161 4308 t.
177 4263 213 4310 ct.
224 4263 254 4310 Ο.
265 4260 380 4316 Froehde,
391 4260 425 4304 De
436 4259 461 4303 G.
472 4256 538 4304 lulio
547 4257 666 4309 noniano,
677 4268 700 4313 p.
713 4261 762 4325 045.
