3124 5050
590 453 815 516 ...19-

140 597 244 662 aerta'¹
262 607 339 661 tuno
354 599 512 678 temporis
527 598 627 660 luerit
642 597 758 676 lingua
773 599 997 677 grammatica,
1016 616 1180 679 quamque
1196 607 1264 663 ser-

139 706 253 769 viliter
263 705 395 768 Graeoos
405 708 440 767 in
453 721 491 767 ea
500 705 706 768 instituenda
716 689 859 768 Ronrani
874 707 996 768 imitati
1011 706 1091 768 sint.
1105 705 1269 787 Exemplo

140 821 297 893 praeterea
320 811 431 874 Verrii
454 811 576 893 iratus,
603 814 756 890 antiquos
786 816 1028 892 grammaticos,
1060 816 1119 892 qui
1147 814 1267 876 eodem

142 918 283 982 oonsilio
299 922 471 1000 scripsere,
491 919 526 979 id
548 926 655 981 estut
678 919 854 980 verborum
875 937 985 998 usum,
1004 937 1138 981 sensum
1153 928 1186 982 et
1201 922 1264 982 ori·

141 1029 254 1105 ginem
269 1025 475 1088 illustrarent
490 1020 612 1108 (neque
628 1023 719 1087 aliud
739 1023 889 1104 plerique
910 1025 975 1087 sibi
994 1021 1272 1108 proposuerunt),

142 1136 266 1213 quique
280 1149 349 1194 non
363 1133 591 1209 grammaticas
607 1134 759 1193 notiones
775 1130 913 1192 definire
922 1139 954 1193 et
965 1130 1138 1194 enucleare
1152 1131 1273 1194 volue···

141 1248 232 1320 runt,
252 1264 267 1294 ι
280 1238 448 1301 teohnieos
464 1241 624 1318 terminos
639 1261 653 1290 »
672 1241 746 1300 raro
763 1242 973 1317 usurpavisse
988 1239 1162 1300 arbitratus
1178 1258 1262 1301 surn.

144 1345 250 1427 Cujus
257 1347 307 1408 rei
315 1363 412 1408 causa
420 1345 483 1406 fuit
492 1345 581 1424 quod
590 1342 688 1406 multi
702 1368 716 1398 α
728 1345 887 1406 termini»
902 1344 1010 1406 adhue
1020 1345 1131 1407 latinae
1142 1345 1274 1423 linguae,

143 1454 289 1532 deerant,
309 1461 340 1514 et
356 1469 394 1512 ex
409 1451 452 1512 iis
467 1452 524 1530 qui
541 1451 610 1531 jarn
625 1469 644 1512 a
658 1451 908 1530 quibusdamex
925 1437 1038 1514 Graeco
1058 1453 1095 1513 in
1111 1452 1265 1515 Latinum

142 1559 284 1622 traducti
300 1565 403 1638 arant,
420 1555 520 1621 multi
539 1561 576 1619 in
591 1575 797 1620 communem
818 1568 916 1618 usum
932 1558 1078 1620 nondum
1094 1567 1263 1620 venerant.

190 1665 257 1729 Sed
277 1664 426 1742 lingnam
449 1667 696 1741 grammaticam
716 1672 747 1726 et
767 1667 941 1726 certiorem
964 1673 995 1726 et
1015 1665 1168 1727 ditiorem
1183 1685 1274 1746 pau-s
1311 1692 1314 1695 ⁴

144 1774 238 1836 latim
256 1777 290 1834 in
306 1789 409 1834 annos
426 1779 496 1834 tum
509 1771 627 1835 laetam
643 1789 726 1849 esse,
745 1789 942 1851 quamquam
958 1775 995 1832 in
1008 1773 1181 1858 naufragio
1196 1773 1265 1853 ple-

144 1897 323 1959 rorumque
351 1882 549 1958 scriptorum
578 1877 679 1958 hujus
707 1878 811 1939 aetatis
836 1876 931 1939 nullo
954 1879 1049 1940 fumo
1073 1888 1265 1956 argumento

145 1985 367 2048 demonstrari
389 1993 507 2064 potest,
533 1985 564 2044 si
588 1983 723 2046 salitum
746 2003 859 2046 rerum
886 1985 1106 2047 humanarum
1134 2003 1266 2048 cursum

143 2093 316 2172 respicias,
335 2091 495 2154 affirmare
512 2091 644 2153 audeas.
658 2091 764 2151 Immo
779 2089 975 2152 contendam
986 2109 1052 2153 non
1067 2092 1179 2154 minus
1190 2095 1267 2154 effe-

146 2203 231 2262 cisse
247 2200 289 2260 ad
304 2217 375 2260 eam
385 2197 644 2261 confirmandam
654 2205 686 2258 et
698 2195 936 2273 extendendam
946 2195 1090 2258 humiles
1106 2215 1266 2276 gramma-

148 2307 229 2368 ticos
260 2306 480 2384 obscurasque
509 2302 866 2383 ludimagistros,qui
887 2321 1007 2382 pueros
1036 2305 1263 2383 instituebant,

145 2430 245 2492 quan
275 2410 352 2473 illos
382 2410 591 2472 doctissimos
621 2407 959 2488 praeclarissimosque
984 2411 1094 2489 vimS,
1127 2427 1266 2488 quorum

144 2534 269 2580 nomen
283 2517 522 2595 ingeniumque
537 2515 577 2576 ad
594 2514 788 2594 sempiterni
801 2515 995 2594 memoriam
1010 2517 1166 2596 temporis
1182 2515 1273 2579 oela-⁴

144 2624 306 2686 brabitur.
333 2621 416 2685 Illos
441 2623 530 2683 eninr
555 2621 597 2681 ad
624 2624 870 2698 grammaticam
898 2604 1079 2684 donandam
1107 2623 1263 2704 Dionysii

145 2730 283 2797 Thracis
297 2729 413 2792 libello
427 2747 504 2810 usos
521 2746 591 2790 esse
607 2725 761 2808 oonstat²,
779 2745 886 2807 neque
900 2728 1044 2792 dubitari
1054 2737 1170 2811 potest,
1185 2732 1265 2811 quin

145 2839 268 2918 saepius
277 2836 420 2914 auctoris
431 2835 484 2897 sui
494 2835 676 2898 doctrinam
688 2834 729 2895 ad
739 2833 879 2895 latinum
890 2853 1075 2897 sermonem
1084 2853 1276 2899 accommo'

145 2944 255 3005 darint
275 2943 490 3024 technioaque
516 2958 587 3020 quae
611 2941 752 3003 dicimus
774 2939 934 3002 voeabula
955 2944 992 3002 in
1015 2961 1113 3004 usum
1136 2943 1276 3006 disten-¹

143 3052 229 3112 tium
257 3051 472 3128 traduxerint.
503 3047 569 3126 Per
597 3065 652 3110 eos
682 3051 804 3127 itaque,
836 3047 954 3128 erede,
978 3067 1048 3110 rnos
1078 3049 1137 3138 ille
1166 3055 1276 3128 certis·

144 3155 422 3236 appellationibus
438 3174 490 3218 res
508 3157 736 3232 grammaticas
756 3154 962 3235 nominandi,
980 3173 1078 3235 quem
1099 3164 1195 3218 antea
1210 3157 1276 3219 de·-

145 3264 249 3325 fnisse
270 3264 338 3343 jam
367 3263 549 3341 observavi,
583 3261 716 3322 tandem
745 3261 944 3323 constitutus
974 3269 1022 3323 est
1051 3269 1083 3323 et
1110 3263 1261 3328 traditus.

146 3369 261 3449 Neque
283 3369 380 3449 plane
402 3365 566 3445 Unnrero³
588 3371 751 3429 assentior
775 3367 899 3436 dicenti
927 3391 941 3420 α
966 3371 1074 3447 primo
1093 3377 1166 3448 post
1181 3367 1274 3448 chr„
1306 3394 1309 3399 ·

145 3495 181 3538 n.
197 3475 318 3539 saeoulo
332 3493 429 3554 unttm
444 3474 670 3554 artigraphum
686 3525 706 3538 ..
755 3481 854 3536 totam
869 3469 1056 3556 (Dionysii)
1073 3475 1213 3538 technen
1228 3478 1264 3538 in

145 3603 241 3646 usum
256 3601 351 3646 suum
367 3581 579 3661 convertisse,
597 3582 644 3642 ita
658 3588 768 3642 tamen
782 3589 819 3642 ut
834 3580 999 3660 permulta
1014 3581 1180 3644 omitteret
1208 3585 1263 3646 ad-

145 3692 245 3770 deret,
256 3692 446 3768 corrigeret,
458 3685 978 3768 corrumperet»,sedmnltorum
988 3705 1087 3768 opera
1097 3688 1264 3753 hoaeffee-

145 3807 213 3860 tum
225 3815 300 3860 esse
316 3795 422 3858 habeo
439 3811 646 3874 persuasum.

166 4073 184 4110 1.
199 4065 369 4113 Plurimorum
384 4060 514 4106 hominum
530 4060 658 4106 doctorum
672 4058 768 4116 judicio
784 4057 885 4105 Verrius
900 4061 976 4107 libros
990 4060 1107 4106 Varronis
1124 4059 1154 4106 de
1171 4060 1265 4118 Lingua

140 4131 222 4176 Latina
231 4126 339 4176 omnino
350 4136 404 4170 non
415 4123 533 4168 adhibuit.

163 4198 183 4237 2¹
198 4191 302 4246 Junissn,
314 4187 330 4234 l·
343 4198 373 4240 θ’,
384 4197 409 4242 p·
421 4189 467 4230 215·
