3214 5054
734 485 779 498 -
826 447 894 522 126.
935 485 981 497 -

297 597 452 660 affirmari
462 605 572 660 777777
586 615 654 661 777
668 603 787 678 potest,
800 597 889 677 quia,
904 613 977 676 quae
991 596 1117 659 luerint
1132 597 1197 659 duo
1214 594 1275 658 illa
1285 612 1418 676 genera,

296 721 404 786 neque
417 704 506 785 apud
523 703 706 766 Varronem
727 703 838 784 ipsum
861 709 915 765 aut
930 702 1018 782 apud
1033 721 1231 784 quemquam
1244 701 1350 765 alium
1365 702 1421 765 de·
1451 763 1457 772 ,

297 813 423 891 finitur,
441 829 548 892 neque
563 797 723 890 exemplis
738 827 810 891 qnae
825 811 1000 890 supposuit
1013 808 1112 889 plane
1127 810 1206 872 satis
1221 808 1416 873 declaratur.

341 918 416 996 lam
439 935 520 998 ques
542 917 669 998 species
688 918 905 995 pronominum
925 915 1120 978 admiserint
1142 922 1174 978 et
1197 933 1261 996 quo
1282 917 1417 980 nomine

297 1025 502 1104 designarint
521 1023 620 1087 ceteri
641 1023 858 1103 grammatici,
880 1022 1064 1084 videamus.
1084 1020 1134 1084 De
1150 1024 1320 1101 primitivis
1338 1038 1417 1085 vero

295 1132 350 1196 vel
366 1131 592 1210 principalibus
608 1129 695 1192 etde
715 1129 908 1206 derivativis,
931 1129 971 1192 de
990 1130 1179 1208 simplicibus
1195 1129 1281 1192 etde
1299 1146 1417 1207 compo-

296 1241 376 1316 sitis,
393 1237 468 1302 vide
484 1255 582 1318 supra
596 1233 653 1320 (ol.
670 1236 815 1298 indicem
829 1232 1097 1321 vocabulorum),
1112 1238 1194 1300 item
1209 1236 1249 1299 de
1260 1238 1429 1316 persocia,

341 1344 545 1425 Priscianus,
569 1340 742 1423 Apollonii
765 1341 904 1422 Dyscoli
926 1341 1122 1426 doetrinae¹,
1143 1350 1180 1406 ut
1204 1341 1298 1424 solet,
1323 1343 1417 1405 obse-

295 1459 404 1534 cutus,
421 1467 494 1532 quae
509 1467 598 1513 nunc
618 1465 847 1529 nuncupamus
864 1449 1042 1528 persennia
1056 1456 1088 1510 et
1103 1450 1278 1527 possessivo
1296 1465 1417 1529 prono·

294 1559 441 1622 minibus
461 1556 531 1620 sola
550 1555 708 1619 adscribit
722 1573 731 1634 3
747 1553 806 1617 illa
821 1572 899 1618 vero
914 1557 1076 1633 primitivo
1095 1553 1150 1618 vel
1169 1552 1342 1633 simplicio²
1357 1539 1425 1639 (71.ι

293 1658 498 1750 rapacissimi,
521 1656 667 1745 ἁπλαί’),
684 1660 756 1723 haec
775 1678 866 1723 nuuc
882 1657 1078 1739 possessivo⁴
1095 1655 1306 1746 (amaluvi‘),
1327 1678 1428 1740 nuno

292 1764 485 1832 derivativa⁸
508 1761 732 1852 (παραγωγοῧ)
757 1765 914 1846 appellat.
942 1764 1055 1829 Ceteri
1077 1773 1188 1830 autem
1211 1768 1418 1845 grammatici

293 1875 351 1939 alii
362 1873 374 1906 ⁸
387 1876 423 1936 in
439 1874 531 1955 duas,
547 1871 608 1936 alii
626 1875 662 1934 in
681 1878 761 1954 tres,
778 1872 838 1935 alii
853 1873 890 1935 in
905 1878 1059 1953 quattuor
1079 1873 1206 1952 speeies
1220 1873 1417 1951 pronomina

294 1980 472 2058 dividenda
490 1979 652 2061 judicant.
676 1978 742 2052 Qui
762 1979 799 2047 in.
820 1977 934 2060 duas⁰,
950 1980 1039 2057 fivilo
1059 1986 1199 2060 tautum,
1218 1979 1252 2041 id
1272 1986 1328 2046 est¹
1343 1996 1414 2060 quae

292 2107 448 2170 personas
463 2087 641 2168 recipiunt,
659 2092 691 2148 77
705 2087 840 2164 infinito,
857 2086 894 2166 id
908 2091 957 2148 est
971 2103 1043 2166 quae
1057 2104 1215 2167 personas
1228 2103 1296 2148 non
1311 2086 1414 2164 sigui-

294 2197 404 2277 ficant,
421 2195 652 2272 distinguuut3
669 2195 726 2273 qui
742 2193 778 2254 in
792 2198 860 2255 tres
870 2191 908 2274 ¹⁰„
920 2193 960 2254 ab
974 2193 1118 2255 infinitis
1133 2174 1284 2274 separant
1297 2195 1414 2254 miuus-

293 2303 486 2381 qvomfivita,
513 2300 547 2361 id
576 2306 625 2362 est
652 2323 667 2356 ι
690 2317 762 2380 quae
786 2299 883 2362 certis
907 2306 939 2360 et
966 2299 1103 2362 incertis
1131 2299 1293 2379 personis·
1309 2300 1414 2377 aptari

291 2402 466 2490 possrmt.¹¹
483 2430 499 2462 ι
523 2414 555 2469 77
579 2406 960 2470 «commemorationem
983 2404 1106 2467 habeut
1129 2411 1281 2468 notarum
1302 2423 1413 2487 perso-

291 2508 440 2578 narum¹’
458 2537 489 2595 s,
513 2519 547 2576 ut
566 2513 650 2594 ipse,
667 2513 743 2593 iste,
760 2511 802 2593 is,
819 2511 887 2592 hio,
904 2511 1007 2593 idem,
1024 2512 1096 2590 sui3
1113 2515 1172 2591 qui
1190 2511 1227 2573 in
1246 2518 1410 2594 quattuor,

288 2623 463 2701 possessiva
484 2620 520 2683 in
541 2617 703 2699 peculiari
724 2620 834 2697 specie
856 2624 1021 2698 reponunt
1038 2613 1072 2679 ¹³.
1099 2617 1195 2691 Quod
1216 2618 1258 2681 ad
1279 2620 1414 2681 nomina

289 2727 426 2790 illorum
447 2743 607 2806 generum
627 2725 782 2806 pertinet,
807 2725 987 2806 primitiva,
1012 2723 1189 2808 simplicia,
1213 2727 1411 2806 possessiva,

290 2836 482 2915 derivativa,
498 2835 567 2914 jam
582 2851 679 2913 supra
695 2831 855 2912 explicavi
866 2826 908 2911 ¹⁴3
927 2856 942 2886 ‹
961 2832 1056 2894 finita
1074 2856 1088 2886 2
1106 2839 1139 2894 77
1159 2856 1173 2885 «
1190 2832 1323 2894 infinita
1340 2855 1356 2886 a
1372 2830 1414 2895 ad
1422 2883 1430 2911 .-

307 2981 335 3049 u.
351 3006 409 3060 Quae
425 3007 448 3050 77
463 3004 573 3061 Dionysii
589 3004 689 3050 Thracis
703 3007 739 3050 ast
754 3001 1011 3060 (cl.lld.11hlig‚p.es
1025 3004 1096 3060 squ),
1108 3005 1135 3048 77
1149 3003 1287 3050 Priscianus
1301 2991 1428 3060 Dionysii*

289 3066 400 3123 vestigiis
411 3065 509 3111 fidelius
518 3066 642 3122 institerit,
653 3077 728 3123 quam
739 3067 770 3112 lv
780 3069 804 3112 77
813 3066 834 3111 V
844 3065 928 3112 saecuii
939 3065 1080 3122 artigraphi.
1227 3089 1229 3098 ·

315 3133 335 3174 a.
351 3128 434 3183 Prisc,
444 3128 471 3174 K.
483 3128 511 3182 ΙΙ,
523 3139 547 3184 p.
557 3133 605 3182 777,
615 3131 661 3172 otc.
673 3127 789 3181 Pvaitiva,
799 3127 827 3173 K.
837 3127 877 3183 111,
888 3139 912 3184 p.
923 3134 970 3172 141.

315 3196 336 3235 a.
350 3189 430 3246 Apoll.
441 3189 521 3246 Dysc,
532 3188 548 3234 7,
559 3202 588 3242 7.,
598 3201 622 3246 p.
633 3195 668 3245 17,
678 3194 713 3245 21,
724 3191 785 3246 ato.;
796 3187 827 3234 cl.
838 3195 945 3246 nassowa.
956 3199 995 3246 ap.
1006 3188 1105 3246 Dionys.
1116 3189 1181 3245 Tha,
1191 3200 1216 3246 p.
1228 3193 1263 3244 65,
1272 3193 1307 3244 77,
1317 3192 1363 3233 777.

314 3259 336 3359 ἓξ
350 3252 590 3370 ξρὲῗίρὺγόξέἦκὼ
603 3313 672 3359 oron.
684 3313 747 3359 rur..
758 3311 774 3358 7.
785 3325 804 3358 c:
905 3331 907 3336 -

315 3382 335 3422 7.
350 3376 378 3420 Κ.
391 3376 420 3431 ΙΙ,
431 3387 455 3432 p.
466 3380 514 3431 577,
525 3379 572 3422 etc.

315 3444 335 3483 7,
350 3438 420 3483 Dion.
432 3438 495 3494 Thr,
508 3436 523 3483 l.
534 3450 553 3483 c.

314 3504 335 3544 ες
349 3500 403 3545 Non
415 3499 559 3556 Dionysium
570 3500 695 3554 Thracem,
706 3501 734 3544 ut
743 3499 832 3554 solent,
841 3500 989 3555 sequuntur,
999 3510 1081 3556 neque
1092 3498 1188 3555 suspici
1197 3500 1342 3556 potostouo
1353 3499 1412 3542 tem-

287 3572 347 3618 pore
358 3563 382 3606 et
392 3574 407 3607 a
416 3573 465 3619 quo
476 3563 635 3618 grammatico
645 3563 754 3619 primum
763 3561 794 3606 ab
804 3572 833 3606 eo
844 3561 982 3613 discessum
991 3561 1022 3606 sit
1031 3560 1072 3616 (ci.
1084 3563 1166 3606 tamen
1177 3560 1208 3606 da
1218 3560 1297 3607 Plinio
1308 3570 1413 3617 sequen·

287 3628 335 3669 7717
347 3626 447 3677 notem).
459 3624 580 3677 Quocirca
589 3625 615 3668 17
630 3623 719 3670 hocde
729 3621 919 3681 pronominibus
933 3622 1014 3680 capita
1028 3621 1124 3668 nullam
1140 3625 1279 3680 temporum
1289 3622 1424 3671 rationem.

286 3685 495 3802 hffecbgchsris,
505 3748 532 3794 Κ.
543 3749 562 3803 Γ,
572 3759 597 3805 p.
611 3750 649 3794 181
658 3721 737 3801 71117.
748 3758 788 3804 ap.
798 3746 907 3802 cledon,
919 3746 947 3792 K.
958 3747 987 3804 V,
998 3758 1022 3805 p.
1032 3753 1059 3793 lo
1069 3758 1119 3804 sq.;
1130 3747 1225 3803 bouet,
1236 3746 1264 3792 K.
1274 3705 1313 3802 lv,
1324 3757 1348 3802 p.
1360 3749 1413 3802 757;

286 3811 362 3866 Serv,
371 3807 440 3863 ibid,
451 3821 475 3867 p.
486 3814 534 3855 435.

313 3878 347 3917 10.
363 3871 482 3927 Diomed,
493 3872 522 3917 K.
533 3873 550 3928 1,
562 3883 587 3929 p.
598 3877 645 3917 ³29.

313 3940 346 3978 11.
361 3933 480 3990 Diomed,
492 3931 509 3978 l.
519 3945 539 3980 c.

313 4000 346 4040 12.
361 3997 436 4051 Seru,
446 3996 474 4042 Κ.
485 3997 525 4051 lv,
535 4008 560 4052 p.
570 4002 618 4042 410.

313 4063 347 4103 17.
361 4059 421 4103 lust.
431 4059 490 4108 Art..
498 4057 569 4110 ibid..
577 4069 600 4114 p.
610 4063 658 4103 131.
670 4057 768 4104 Servius
778 4059 859 4106 autem
872 4055 896 4113 (l.
904 4059 934 4112 a.)
942 4057 1091 4114 pronomina
1101 4058 1127 4102 iu
1137 4056 1199 4104 (1777
1207 4055 1303 4113 speeies
1313 4055 1412 4114 dividit,

286 4120 355 4166 717177
369 4119 466 4166 77111777
480 4124 505 4165 77
520 4119 633 4176 lubuita;
648 4118 691 4166 sed
709 4119 805 4165 infinito
821 4130 907 4166 rursus
920 4120 945 4164 in
962 4119 1110 4175 generaliter
1125 4117 1231 4174 infinita,
1241 4117 1412 4176 minusqusm·

286 4181 363 4237 finita,
373 4182 513 4237 articularia
521 4182 562 4228 vel
572 4181 771 4238 demonstrativa,
781 4181 923 4239 possessive
931 4180 1063 4228 distribuit.

314 4250 347 4288 14.
362 4242 397 4291 ef.
407 4244 517 4290 indicem
527 4243 713 4290 vocabulorum.
