3124 5050
585 481 807 544 ..57-

183 625 265 698 Quis
280 644 356 688 vero
373 630 414 688 sit
431 644 547 689 sensus
562 625 696 688 illorum
707 625 940 688 vocabulorum
956 632 986 686 et
1002 644 1100 705 qaam
1114 625 1266 688 fideliter

141 715 280 810 agreeoo
303 751 459 796 conversa
480 736 558 814 sint,
582 733 803 795 demonstrare
825 749 1102 812 supervacaneum
1122 740 1181 793 est.
1206 732 1255 794 De

142 864 155 892 ‹<
173 848 287 902 natura
306 864 320 893 »
338 846 464 902 tantum
480 858 516 902 ae
534 864 548 893 ‹<
567 841 730 919 positione
749 865 763 892 »
780 858 882 920 pauca
898 839 1036 901 dicenda
1051 845 1137 900 sunt.
1157 839 1255 918 Apud

139 955 263 1008 veteres
297 945 512 1026 philosophos
542 953 573 1008 et
606 949 834 1025 grammaticos
868 946 1113 1025 disputabatur,
1144 951 1254 1006 utrum

140 1051 228 1135 piosa
244 1072 286 1114 an
301 1051 381 1119 Θέσει
394 1049 536 1137 ὀνόματα
550 1055 677 1133 fierent,
696 1053 730 1114 id
745 1061 805 1132 est,
819 1059 929 1114 utrum
944 1053 1079 1114 nomina
1092 1052 1255 1132 verbaque
1327 1033 1328 1036 Ἴ

141 1159 277 1238 quadam
291 1160 324 1221 vi
339 1165 370 1220 et
383 1159 510 1221 ratione
530 1167 654 1222 naturae
669 1161 744 1222 ficta
760 1165 879 1248 essent,
897 1178 939 1220 an
954 1159 1125 1219 arbitraria
1138 1157 1253 1219 volun-

139 1272 201 1326 tate
215 1264 390 1334 hominum
405 1267 503 1327 rebus
518 1264 701 1345 imposita¹.
720 1265 766 1328 Eo
782 1285 881 1328 sensu
899 1291 913 1320 «
927 1273 1076 1327 naturam
1091 1289 1104 1318 >›
1122 1271 1153 1325 et
1171 1281 1253 1344 «po-

141 1369 317 1436 sitionem’
341 1397 355 1425 >›
383 1389 547 1452 opponere
571 1373 699 1453 antiqui
728 1373 886 1435 solebant.
914 1370 1030 1451 Neque
1054 1372 1093 1434 de
1118 1371 1255 1456 syllabis

140 1477 227 1540 aliud
247 1497 307 1557 per
326 1478 464 1540 eandem
485 1479 727 1558 oppositionem
746 1497 801 1540 eos
821 1478 1007 1558 significare
1027 1477 1170 1539 voluisse
1187 1495 1254 1539 ore-

141 1585 283 1648 dendum
304 1592 363 1647 est.
383 1584 508 1646 Natura
524 1603 600 1664 ergo
615 1585 730 1662 longas
745 1587 889 1647 nativam
904 1593 935 1646 et
950 1586 1116 1664 propriam
1134 1584 1255 1646 habere

139 1689 390 1770 longitudinem,
414 1691 578 1770 positione
597 1708 675 1753 vero
695 1689 810 1768 longas
833 1709 903 1752 esse
927 1672 993 1752 uon
1014 1690 1085 1753 looo
1106 1709 1176 1767 suo,
1200 1690 1257 1752 sed

140 1794 273 1855 arbitrio
289 1794 429 1873 quodam
444 1796 584 1874 et'quasi
599 1794 672 1872 lege
687 1785 959 1858 arbitrabantur³.
1114 1858 1117 1863 ,

181 1897 423 1963 Vocabulorum
440 1881 582 1982 denique
599 1920 664 1989 exi«
680 1902 806 1982 syllaba
820 1927 834 1956 »
849 1903 1071 1990 derivatorum
1081 1910 1115 1969 et
1128 1920 1257 1982 oonrpo-
1309 1913 1310 1916 ’

141 2008 275 2070 sitorum
290 2008 358 2070 duo
375 2025 496 2085 genera
515 2009 551 2070 in
570 2027 633 2070 usu
654 2015 745 2070 erant
765 2030 771 2070 :
790 2008 893 2071 altera
907 2009 1033 2071 scilieet
1049 2026 1125 2070 vere
1139 1997 1253 2087 graeca,

141 2115 258 2194 quippe
275 2132 347 2194 quae
363 2133 401 2175 ex
417 2114 544 2176 duobus
559 2117 674 2192 graeeis
692 2122 888 2193 constarent,
906 2115 1019 2193 altera,
1039 2135 1076 2178 ex
1092 2116 1256 2196 prioribus

141 2219 287 2302 deducta,
306 2228 337 2282 et
352 2222 387 2282 in
403 2222 523 2300 quibus
537 2221 697 2284 vocabulo
715 2221 877 2302 «syllabae
892 2247 920 2303 »,
933 2232 970 2285 ut
984 2243 1003 2284 a
1017 2223 1144 2284 Latinis
1160 2221 1256 2302 plane

140 2325 301 2405 adoptato,
320 2326 460 2388 latinum
479 2334 734 2408 praeposuerant.
758 2327 884 2390 Prioris
905 2329 1026 2408 speciei
1046 2334 1132 2406 sunt,
1154 2345 1256 2387 morto-

140 2432 271 2508 syllabas
294 2429 400 2516 (Plin.
421 2451 475 2513 ap.
499 2431 613 2516 Chaa,
631 2455 664 2514 p.
684 2429 758 2512 137,
781 2432 871 2517 eto.)‚
894 2433 1061 2511 disyllabos
1080 2432 1122 2516 (Ι,
1145 2428 1176 2511 5,
1198 2429 1252 2512 31,

139 2627 351 2636 ·——

165 2771 183 2806 1.
199 2762 233 2808 Gi.
244 2763 326 2820 nigla
338 2764 416 2821 Figul.
428 2777 466 2820 ap.
478 2763 549 2820 (loll,
560 2765 588 2820 X,
599 2771 619 2808 4.
1136 2815 1141 2824 ,

164 2829 183 2866 a.
198 2824 291 2875 Posito,
309 2825 376 2882 apud
394 2825 473 2882 bigid.
491 2825 550 2880 1·ng
569 2825 584 2871 l.
602 2838 637 2878 c.‚·
654 2826 805 2882 trnpoaiticin
821 2825 904 2879 verba,
921 2825 987 2882 apud
1004 2827 1105 2872 varran.
1123 2825 1162 2876 (oi.
1180 2823 1255 2878 inira,

139 2896 161 2940 p.
174 2888 214 2939 16).
561 2892 563 2896 ’
598 2897 600 2901 ’
881 2915 883 2921 ,
1205 2918 1208 2928 ,

164 2954 184 2990 a.
199 2949 222 2994 L.
238 2949 325 3005 Hanni,
340 2949 408 2995 Mr'rt.
423 2951 475 2996 Soa.
490 2951 569 3008 tiraq..
584 2950 623 3004 lv,
637 2963 659 3007 p,
673 2957 697 2995 21
713 2963 749 3008 sq.
761 2966 767 2994 ε
780 2969 788 2986 u
800 2951 890 2996 l’oat'tio
905 2949 1021 2995 doitetre
1037 2951 1145 2996 entendu
1161 2951 1221 2996 dane
1235 2951 1259 2995 le

140 3021 195 3054 sons
205 3011 235 3056 de
247 3013 408 3066 constantien,
419 3011 557 3066 delinitlom
569 3012 746 3057 attribution....
763 3019 820 3062 erm
831 3018 855 3058 et
864 3013 964 3069 positio,
976 3025 1020 3069 par
1029 3013 1170 3070 appositior
1180 3014 1195 3058 a
1205 3021 1259 3068 ςύσις

140 3076 161 3114 ot
176 3077 279 3126 antara,
295 3074 425 3130 designent
440 3073 548 3131 quelque
564 3076 638 3120 chose
655 3075 685 3120 de
701 3075 903 3128 conventionuel,
919 3075 981 3120 mais
997 3087 1046 3119 non
1062 3075 1170 3132 quelque
1185 3075 1258 3120 chose

139 3133 296 3180 d‘arbitraire.
307 3141 364 3186 θῑσις
375 3136 460 3181 dlll'dre
475 3136 505 3180 de
521 3144 583 3192 pesa,
595 3147 690 3181 comme
706 3137 730 3181 lo
743 3137 778 3181 loi
793 3137 877 3182 ttinere
889 3136 918 3181 de
935 3137 1041 3193 l'dquite.
1054 3155 1100 3175 »-
1110 3137 1160 3182 Hoc-
1176 3139 1257 3181 autem

139 3196 296 3251 vocabulum,
308 3199 418 3254 «positio
432 3216 449 3253 ·,
460 3209 510 3242 non
526 3209 625 3255 semper
638 3198 726 3243 eodem
742 3210 817 3244 sensu
831 3199 897 3254 apud
911 3199 1084 3255 gruuunaticos
1099 3197 1259 3254 deprehendi·

80 3281 84 3290 ·
140 3260 183 3301 tur.
199 3259 326 3304 Interdum
342 3260 408 3304 enim
423 3259 561 3306 secundum
572 3259 663 3316 placita
673 3261 885 3318 philosophorum,
896 3260 940 3316 qui
956 3261 1077 3306 vocabula
1089 3261 1162 3305 rebus
1177 3259 1206 3304 alt
1217 3261 1257 3304 ho·

139 3319 247 3366 minibus
255 3323 372 3379 imposita
379 3333 432 3368 esse
440 3322 563 3376 volebant,
572 3323 658 3378 priato
666 3323 790 3379 positione
799 3322 920 3368 vocabula
927 3322 1080 3376 dicebantur,
1089 3335 1160 3378 quar«
1171 3326 1266 3367 natura·

139 3391 182 3426 sua
192 3385 307 3428 constant
317 3401 326 3421 ιι
337 3383 458 3436 (Quintil,
468 3384 486 3436 1,
497 3390 518 3438 5,
529 3389 567 3432 65;
579 3383 609 3428 cl.
620 3384 673 3428 Vel.
686 3385 769 3440 long„
779 3385 806 3429 ll.
816 3384 865 3436 Vll,
875 3396 899 3441 p.
911 3389 944 3437 66,
955 3384 1075 3439 aliosque)
1085 3383 1257 3441 primitivaque

140 3445 292 3500 appellamus
304 3447 344 3494 (ct'.
356 3446 437 3498 iutra).
449 3445 509 3491 Cum
520 3457 579 3490 vero
590 3457 619 3490 oa
628 3445 750 3491 vocabula
766 3447 882 3492 derivatis
896 3449 1089 3502 opponerentur,
1100 3449 1172 3502 utqma
1188 3458 1259 3491 casus

140 3505 232 3563 obliqui
243 3507 270 3550 in
281 3507 425 3552 nominibus
435 3511 459 3552 et
469 3519 555 3552 ornnes
565 3507 649 3552 lornua
659 3508 791 3552 verborum
807 3510 893 3564 preater
903 3508 1005 3564 primam
1021 3519 1150 3564 personum
1165 3507 1259 3564 iudica-

141 3567 1259 3626 tiripraesentisatcomparativussuperlativusquainterdu-ivetacollocarentur‚«p1·ima

139 3629 225 3684 positio
237 3647 247 3669 ι
257 3631 389 3676 dicebatur
400 3631 431 3676 de
442 3632 604 3687 nominativo,
616 3633 646 3676 de
658 3631 737 3688 prima
748 3643 852 3688 persona
861 3631 989 3676 indicativi
1000 3632 1126 3688 praesentis
1135 3632 1175 3686 (cl.
1184 3638 1258 3690 raptet

140 3703 176 3746 ap.
187 3691 266 3748 Vara,
278 3693 315 3745 tx,
327 3698 366 3739 102
380 3698 435 3750 sat,
447 3693 477 3738 de
491 3693 614 3749 adjectivo
630 3693 743 3750 positivo.
755 3693 790 3740 Cf.
805 3693 944 3748 Quintil.,l,
956 3699 977 3748 5,
988 3700 1022 3748 6ο,
1033 3697 1079 3739 etc.
1092 3711 1097 3738 z
1110 3715 1118 3733 a
1131 3695 1258 3749 [nominat

140 3763 243 3807 quorum
257 3755 344 3812 priam
357 3754 483 3812 positioni
494 3756 601 3806 easdem,
613 3767 674 3812 quas
685 3756 776 3806 Castor,
787 3755 881 3800 litteras
891 3756 940 3800 exit
951 3774 961 3794 »
971 3773 976 3811 ;
986 3757 1002 3811 l,
1013 3762 1033 3811 6,
1045 3764 1070 3800 16
1081 3773 1086 3798 z
1099 3773 1108 3793 ι
1118 3757 1205 3813 prima
1217 3769 1258 3814 po-

139 3814 194 3860 sitio
208 3817 323 3872 paciscor
338 3834 348 3854 ι
364 3816 405 3870 (ci.
420 3817 529 3862 indicem
545 3817 676 3873 vocabul.;
691 3817 743 3862 liei.
760 3819 843 3872 torp,
859 3817 886 3863 li.
902 3818 952 3872 Vll,
968 3830 992 3874 p.
1007 3824 1046 3873 783
1060 3819 1152 3872 Saeua,
1167 3819 1194 3863 ll.
1209 3819 1258 3870 vn,

140 3888 161 3932 p.
173 3879 215 3931 21).
231 3879 344 3935 Denique
359 3879 421 3922 nihil
437 3879 505 3924 aliud
517 3897 526 3918 «
538 3879 626 3936 positio
639 3897 648 3918 r
659 3881 789 3936 significat,
805 3879 854 3924 nisi
869 3880 972 3924 formem
987 3884 1113 3925 externam
1128 3881 1260 3929 vocabulo·

140 3949 200 3981 rum.
222 3939 261 3984 Sic
281 3940 467 3992 Qoiatilianus=
484 3959 494 3979 α
506 3940 627 3997 {quadam
646 3941 755 3988 nomina)
771 3940 892 3986 feminina
908 3941 1029 3996 positione
1045 3953 1134 3996 mares,
1151 3942 1258 3987 neutrali

140 3998 243 4046 laminas
260 4001 402 4056 significant
412 4002 439 4056 (l,
449 4009 469 4054 4,
480 4004 523 4046 241,
535 4003 614 4058 Lepus
629 4005 653 4047 et
668 4002 742 4058 lupus
756 4002 832 4048 simili
845 4003 969 4060 positione
978 4003 1005 4056 (1,
1016 4009 1036 4058 6,
1048 4006 1088 4059 12).
1105 4003 1168 4057 Quid
1181 4008 1258 4048 vorot

141 4073 194 4117 quae
206 4065 255 4106 teta
267 4063 401 4118 positionis
412 4063 524 4108 eiusdem
535 4065 562 4108 in
573 4064 684 4110 diverses
694 4064 880 4118 deaestimant,
892 4075 947 4109 curn
959 4063 1020 4109 Alba
1029 4066 1102 4109 laniat
1117 4066 1224 4111 Albanos
1235 4071 1259 4110 et

140 4120 267 4177 Albenses,
277 4123 344 4173 volo.
355 4124 422 4169 volui
439 4127 462 4169 et
477 4125 559 4170 volavi
570 4126 597 4179 (Ι,
608 4132 628 4180 6,
640 4129 681 4178 15).
694 4144 704 4164 ι
715 4126 823 4171 Donatus
834 4143 839 4170 ι
852 4145 861 4164 κ
874 4127 933 4171 Sunt
948 4125 1060 4182 quaedam
1073 4125 1197 4182 positione
1209 4127 1259 4171 sin-

140 4182 242 4240 gularia,
252 4185 382 4231 intellectu
394 4186 500 4242 pluralia
509 4186 546 4240 (li.
558 4187 596 4241 lv,
607 4198 631 4243 p.
641 4194 680 4232 616
692 4192 745 4246 sq).
758 4205 767 4225 r
780 4187 935 4232 Priscianus:
948 4205 958 4226 ι
968 4187 1059 4232 Potitio
1070 4189 1206 4233 activorum
1217 4188 1258 4232 vel

140 4251 284 4292 neutrorum
296 4247 426 4293 verborum
437 4248 463 4292 in
474 4260 487 4293 o
498 4249 589 4294 desinit
599 4249 634 4305 (K.
645 4250 672 4305 11,
684 4262 708 4307 p.
718 4252 774 4306 456).
788 4269 796 4289 ι
