3124 5050
718 436 918 504 ee·-

259 580 408 660 exemplo
424 587 456 642 et
468 579 650 660 patrocinio
665 579 832 660 inductus,
847 577 988 659 Spurius
1005 575 1171 640 Carvilius
1185 576 1373 658 libertinus,

259 691 317 768 qui
336 690 462 767 primus
482 689 518 748 in
540 685 618 748 ludo
638 703 756 764 pueros
777 704 836 764 pro
855 685 1005 748 mercede
1026 685 1149 763 docuit,
1169 683 1198 746 G
1218 684 1373 765 litteram,

258 792 349 854 linea
367 792 406 854 ad
428 789 453 853 C
474 790 594 871 addita,
613 792 781 854 invenisse
802 799 964 872 narretur,
982 793 1079 870 eique
1098 793 1135 850 in
1155 790 1269 852 ordine
1289 789 1375 854 litte—

259 918 368 962 rarum
389 899 499 961 locum
521 897 662 978 dedisse,
685 916 782 978 quem
804 904 899 960 antea
921 897 1060 960 habebat
1084 897 1119 978 Z,
1142 899 1229 959 iuter
1247 896 1272 958 F
1293 907 1325 960 et
1344 899 1374 960 H

260 1003 405 1088 (circiter
419 1025 449 1069 a.
463 1001 528 1066 260
542 1023 572 1066 a.
588 999 685 1087 Chr.)
695 1004 714 1066 ¹.
734 1004 863 1066 Ennius
875 1001 1062 1088 (239-169),
1075 1023 1173 1067 versu
1187 1006 1375 1068 hexametro

259 1114 397 1176 Romam
420 1111 618 1193 introducto,
643 1130 718 1174 cum
741 1111 942 1192 syllabarum
963 1113 1180 1192 quantitatem
1199 1119 1287 1176 certa
1310 1113 1375 1175 dis-

259 1221 418 1282 tinctione
433 1227 545 1282 notare
561 1236 642 1296 opus
658 1224 755 1299 esset,
774 1227 991 1281 consonantes
1011 1219 1137 1297 primus
1148 1209 1188 1280 'in
1204 1219 1375 1282 scribendo

259 1321 469 1404 geminavit?
496 1324 686 1404 Scipionem
710 1323 906 1385 Africanum
927 1322 1072 1386 litteram
1094 1321 1122 1384 O
1145 1327 1182 1385 in
1204 1323 1229 1384 Ε
1252 1332 1325 1405 post
1345 1325 1375 1386 V

258 1430 397 1492 vertisse
416 1426 536 1511 (cerrus
558 1449 615 1508 pro
635 1447 757 1506 corsus,
781 1425 860 1512 etc.)
882 1429 1017 1491 tradidit
1039 1427 1299 1502 Quintilianus⁸.
1323 1431 1375 1492 Ab

258 1538 403 1617 antiquis
419 1534 661 1612 grammaticis⁴
678 1537 907 1614 cognoscimus
923 1536 1063 1598 Accium
1076 1545 1206 1615 poetam
1222 1531 1277 1620 (17
1280 1533 1373 1611 0-94)

259 1663 325 1708 non
343 1670 357 1698 α
375 1663 509 1724 angues,
527 1643 667 1722 angulos
685 1667 714 1724 »,
734 1652 810 1723 etc,
828 1644 918 1705 sed«
936 1661 1069 1724 aggueS,
1087 1641 1225 1720 aggulos
1241 1667 1255 1696 a
1274 1644 1375 1723 scrip·

260 1751 341 1812 sisse
352 1749 374 1831 ⁶,
396 1768 457 1812 nec
478 1749 501 1810 Z
521 1767 581 1812 nec
602 1750 632 1809 Y
652 1749 774 1811 litteris
796 1767 935 1829 usquam
956 1767 1053 1810 usum
1075 1767 1158 1830 esse,
1180 1749 1374 1830 vocalesque

259 1857 375 1936 longas
391 1857 552 1936 scriptura
566 1854 730 1934 duplicari
741 1854 898 1917 voluisse.
916 1853 1103 1917 Lucilium⁶
1117 1855 1271 1938 denique,
1285 1857 1374 1918 Aelii

261 1959 422 2024 Stilonis⁷
441 1963 596 2042 amicum,
614 1962 654 2024 de
674 1961 909 2041 orthographia
924 1970 955 2023 et
969 1961 1090 2024 litteris
1108 1963 1265 2026 adversus
1278 1963 1374 2026 Accii

259 2075 420 2148 praecepta
440 2068 671 2149 disputavisse,
694 2086 732 2129 ex
752 2067 903 2148 reliquiis
923 2067 974 2128 IX
994 2068 1177 2130 Satirarum
1198 2067 1277 2131 libri
1299 2087 1374 2132 con-

260 2176 459 2238 cludendum
474 2174 555 2238 est⁸.

304 2281 373 2344 Nec
388 2284 563 2362 quicquam
579 2279 682 2361 aliud,
700 2280 787 2360 quod
804 2280 917 2359 sciam,
934 2289 1144 2362 memoratur,
1162 2299 1226 2362 quo
1246 2259 1375 2361 conjec-

259 2389 321 2451 tari
335 2390 452 2469 possit,
465 2367 630 2449 Romanos
641 2405 746 2466 usque
756 2387 797 2447 ad
812 2385 981 2448 Lucilium
996 2385 1139 2466 amplius
1155 2390 1253 2450 rebus
1268 2406 1375 2466 gram-

257 2497 387 2558 maticis
404 2494 582 2557 studuisse.
596 2492 701 2555 Immo
712 2510 753 2554 ne
762 2492 920 2556 Varronis
931 2492 1065 2572 quidem
1075 2501 1168 2556 aetete
1184 2493 1292 2556 ullum
1306 2495 1374 2557 lere

258 2603 422 2682 reperitur
435 2600 631 2664 vocabulum
645 2600 907 2681 grammaticum,
925 2600 1012 2680 quod
1032 2617 1099 2661 non
1114 2618 1151 2660 ex
1173 2599 1297 2664 Graecis
1312 2611 1375 2662 tra-

259 2709 392 2792 ductum
408 2713 467 2788 sit,
484 2713 514 2770 si
524 2728 587 2790 qua
601 2727 653 2770 res
667 2709 800 2787 proprie
816 2708 920 2770 latina
936 2715 995 2788 est,
1008 2707 1102 2771 nullo
1118 2715 1227 2771 tamen
1241 2709 1375 2788 proprio

229 2845 231 2849 ·
257 2818 391 2878 nomine
413 2818 619 2894 insignitur:
642 2815 731 2896 quod
750 2833 828 2896 uno,
852 2815 909 2901 sed
927 2815 1122 2894 gravissimo
1145 2815 1208 2879 hoc
1228 2814 1375 2894 exemplo

259 2922 480 2984 demonstrare
501 2941 589 2985 nunc
604 2922 684 2984 satis
700 2923 773 3003 erit,
791 2921 970 2985 ablativum
993 2940 1104 2984 casum
1119 2923 1218 2984 etiem
1237 2929 1308 2984 tum
1322 2921 1374 2982 vel

258 3035 385 3090 sextum
405 3029 459 3091 vel
479 3028 620 3091 latinum
644 3048 662 3090 a
680 3028 828 3091 Varrone
847 3029 928 3092 dici.
952 3029 1039 3090 Num
1062 3047 1140 3091 vero
1160 3029 1374 3092 dubitandum

256 3227 467 3235 .-.—-——--

290 3349 311 3388 1.
327 3340 477 3400 nuremberg
492 3346 517 3389 et
531 3343 622 3401 Saglio,
640 3341 756 3390 hiraetes
770 3346 824 3390 ant.
836 3355 874 3402 qr.
886 3351 908 3390 et
922 3343 1025 3400 rom.,1,
1039 3355 1062 3402 p.
1076 3351 1134 3400 2173
1150 3344 1268 3403 Plutarq.,
1281 3347 1373 3402 Qaraerli

257 3414 330 3456 rora..
346 3411 357 3453 t
372 3410 417 3460 59;
433 3402 458 3452 L.
477 3404 564 3462 Havet,
580 3405 660 3452 Reuue
674 3403 704 3451 de
717 3403 818 3464 pidici,
836 3413 904 3461 rste,
916 3419 939 3464 p.
958 3413 986 3452 15
998 3418 1054 3465 sqq.

288 3474 311 3512 a.
328 3466 424 3523 Festus,
440 3478 466 3524 p.
482 3474 536 3514 aee.
924 3501 925 3506 ,

288 3534 311 3575 e.
328 3527 346 3580 Ι,
363 3535 386 3585 r,
401 3535 439 3574 re.

288 3596 311 3638 4.
326 3590 383 3636 Mar.
401 3589 503 3647 Victor,
519 3591 548 3637 K.
559 3591 599 3647 Vl,
616 3604 640 3650 p.
658 3597 685 3647 ὃς
701 3593 797 3644 Scaur..
811 3591 840 3638 K.
856 3591 906 3644 Vll.
919 3604 944 3650 p.
963 3599 1000 3640 18.

288 3659 311 3698 t.
329 3651 364 3698 Gi.
381 3653 407 3699 L.
423 3653 507 3707 Havct,
522 3652 590 3699 Mem.
607 3655 658 3699 Soc.
679 3652 752 3714 tiraq,
768 3655 807 3709 lV,
821 3666 846 3712 p.
863 3659 916 3702 ato.

289 3720 311 3762 e.
327 3713 360 3760 De
381 3715 511 3761 vocabulis
533 3715 711 3774 grammaticis,
730 3728 786 3774 qum
801 3716 867 3774 apud
885 3715 1009 3762 Lucilium
1029 3716 1195 3776 deprehendi,
1216 3715 1249 3765 ci.
1270 3715 1375 3764 Conclu-

257 3777 365 3831 sionem‚
380 3789 405 3834 p.
423 3783 475 3824 161.

290 3847 310 3886 t.
328 3837 364 3884 (ll.
380 3838 453 3895 inire,
468 3852 492 3897 p.
510 3845 532 3885 9.

288 3908 311 3947 8.
327 3900 452 3946 Lucienus
470 3901 574 3947 Mueller
595 3901 625 3946 dc
645 3901 676 3946 lX
695 3900 759 3946 libro
778 3903 832 3947 lraec
852 3901 956 3948 ellirmet
971 3899 1007 3954 (C.
1025 3902 1104 3948 Lucili
1122 3901 1233 3950 Sotircr.
1251 3902 1335 3963 reliq..
1348 3914 1373 3959 p.

256 3961 310 4022 221)
327 3976 333 4008 ε
352 3976 361 4004 r
378 3961 492 4021 Singulas
507 3964 627 4008 orationis
642 3968 727 4020 partes
743 3973 772 4009 cx
789 3963 877 4010 ordine
892 3965 1047 4022 percurrisse
1062 3968 1123 4023 puto
1141 3964 1264 4011 Lucilium
1281 3971 1305 4011 et
1320 3963 1374 4022 qui·

257 4024 313 4070 dem
329 4023 476 4070 dill'crentiis
492 4027 598 4070 inarime
614 4025 747 4071 verborum
759 4037 788 4070 ec
800 4025 961 4072 barbarismis
977 4031 1002 4072 et
1016 4025 1175 4079 solecismis,
1187 4027 1230 4084 qui
1245 4032 1296 4072 lum
1312 4025 1375 4072 obti-

257 4087 358 4142 nebant,
375 4085 509 4144 intentum,
526 4092 575 4133 elc.
594 4103 603 4128 r
620 4087 778 4146 Quantopere
793 4088 898 4134 Mueller
914 4089 1042 4146 erraverit,
1055 4089 1123 4146 quod
1139 4089 1263 4135 Lucillum
1278 4089 1309 4134 de
1323 4101 1376 4134 orn·

257 4148 332 4194 tionis
346 4149 457 4206 pertitus
470 4149 578 4207 aliquem
590 4149 717 4195 notionem
729 4149 847 4196 babuisse
859 4150 973 4210 credidit,
984 4164 1014 4197 ex
1026 4151 1057 4197 iis
1068 4163 1123 4208 qnae
1134 4150 1198 4196 inira
1210 4155 1374 4210 exponentur,

257 4210 416 4257 menifestum
432 4212 484 4258 iore
499 4224 581 4269 spero.
