3214 5054
619 469 864 548 —123-

425 749 481 813 De
496 748 641 812 ceteris
656 747 852 812 orationis
867 747 1061 828 partibus.
1124 832 1126 836 .
1195 765 1196 768 ¹

229 936 396 999 Hactenus
412 936 451 1000 de
465 939 586 998 rwmtne
596 954 633 999 ac
642 938 744 998 verbo.
759 935 893 1000 Ceteras
903 944 1015 1000 autem
1025 939 1183 1000 orationis
1193 943 1303 1017 partes

183 1045 328 1124 primum
350 1060 418 1105 non
441 1043 685 1107 discriminatae
710 1062 793 1125 esse,
822 1044 881 1107 sed
905 1061 1019 1107 ornnes
1034 1044 1156 1124 pariter
1179 1061 1302 1124 appen-

184 1149 274 1212 dices
294 1155 422 1212 tentum
441 1157 474 1212 et
491 1149 588 1230 quasi
607 1149 741 1231 copulas
760 1149 919 1231 hahitas¹‚
933 1150 1003 1230 jam
1022 1158 1120 1212 antea
1138 1146 1300 1212 ostendi².

183 1255 273 1330 Quas
292 1274 368 1318 cum
389 1248 523 1319 duobus
537 1258 728 1320 nominibus
748 1255 923 1338 appellarit
946 1256 1156 1338 Aristoteles,
1177 1256 1302 1322 συυδέσ·

182 1386 258 1450 μους
272 1362 399 1425 scilicet
414 1370 446 1425 et
460 1360 566 1449 ἄρθρα,
581 1372 695 1426 utrum
707 1364 777 1444 jam
791 1365 828 1425 in
844 1365 909 1427 duo
924 1382 1046 1442 genera
1059 1367 1131 1444 ipse
1147 1365 1300 1444 disperti-

181 1471 277 1551 verit‚
294 1488 337 1530 an
359 1471 532 1532 universas
550 1468 737 1552 promiscue
759 1470 887 1533 duobus
909 1469 963 1531 his
989 1470 1185 1552 synonymis
1206 1487 1301 1532 voca·

180 1576 270 1640 bulis
285 1593 378 1657 aeque
393 1577 580 1656 designatas
595 1576 787 1659 complexus
803 1578 857 1659 sit,
870 1576 945 1640 loco
955 1578 992 1640 in
1002 1595 1068 1658 quo
1079 1574 1301 1641 definiuntur³

181 1689 346 1763 corrupto,
361 1683 543 1764 dijudicare
554 1686 650 1747 nobis
659 1703 728 1748 non
738 1684 828 1748 licet.
842 1683 1047 1748 Theodectes
1062 1691 1162 1768 certe,
1175 1684 1302 1747 Aristo·

172 1789 257 1864 ¹telis
271 1791 339 1853 iere
354 1789 503 1872 aequalis,
522 1797 588 1852 tres
604 1798 731 1853 tanturn
743 1798 855 1873 partes
868 1791 1034 1870 distinxit,
1053 1791 1191 1853 nomina
1211 1789 1302 1853 soili-

180 1905 242 1979 cet‚
267 1897 368 1959 verba
397 1905 428 1960 et
452 1899 677 1976 conjunctiones
706 1892 948 1984 (συνδέσμους)*.
981 1897 1112 1960 Stoicos
1141 1895 1304 1960 deindea

180 2002 472 2084 conjunctionibus
486 1999 529 2069 ταὶ
546 1999 641 2088 ἄρθρα
656 1998 714 2086 (=
736 1999 907 2087 articulos)
928 2003 1123 2084 sejunxissc,
1141 2009 1173 2066 et
1189 2020 1228 2066 eo
1244 2021 1303 2086 no·

179 2111 270 2172 mine
285 2127 352 2172 non
368 2107 476 2172 solum
490 2108 648 2173 articulos
664 2127 746 2189 quos
765 2111 897 2190 proprie
913 2127 1002 2173 nunc
1016 2109 1170 2189 dicimus,
1186 2126 1301 2172 verum

180 2218 280 2278 etiam
305 2219 512 2297 pronomina,
534 2234 576 2278 ne
591 2215 822 2298 personalibus
836 2217 971 2296 quidem
986 2217 1142 2298 exceptis,
1161 2215 1301 2295 insigni-

179 2325 258 2402 isse‚
277 2322 367 2403 apud
385 2340 499 2386 omnes
519 2330 668 2386 auctores
689 2329 827 2387 constat.
846 2321 915 2386 Cur
933 2330 1043 2386 antem
1062 2313 1251 2408 συνδέσμους
1267 2328 1300 2383 et
1367 2319 1369 2323 ’

179 2424 275 2514 ἄρθρα
294 2430 496 2493 secreverint
519 2437 617 2510 atque
638 2429 693 2494 his
715 2430 922 2510 potissimum
946 2429 1138 2492 nominibus
1159 2434 1298 2508 utraque

179 2539 452 2616 nuncupaverint,
464 2555 661 2618 quamquam
669 2537 709 2599 de
719 2536 1297 2616 eaquaestionenullumexveteribus

180 2642 406 2704 testimonium
420 2644 517 2705 nobis
532 2643 689 2704 traditum
704 2649 765 2722 est,
788 2659 921 2704 causam
943 2642 1167 2722 conjecturare
1183 2661 1298 2722 possu-

178 2739 273 2810 mus.¹
282 2747 330 2810 Ea
344 2751 435 2810 enim
448 2766 521 2829 quae
537 2748 724 2834 συνδέσμους
732 2747 943 2830 appellarunt
957 2747 1129 2830 vocabula,
1142 2755 1298 2830 praeposi·

180 2854 287 2918 tiones
315 2855 442 2919 scilicet
470 2862 502 2919 et
531 2856 796 2938 conjunctiones,
826 2873 862 2917 re
888 2873 966 2918 vera
992 2854 1127 2919 vinculo
1156 2855 1299 2954 quodam

179 2959 276 3040 plura
288 2953 423 3024 inter'se
443 2961 543 3024 verba
563 2959 723 3022 adunam
746 2961 944 3022 sententiam
960 2954 1207 3040 exprimendam
1222 2978 1298 3025 con-

177 3067 318 3146 jungere
342 3066 460 3130 solent.
487 3066 569 3141 Quae
590 3073 703 3131 contra
724 3064 819 3153 ἄρθρα
847 3073 1017 3146 vocarunt,
1042 3067 1176 3146 singula
1199 3070 1299 3132 verba

181 3172 422 3251 significatione
444 3173 539 3236 fruita
557 3180 613 3236 aut
633 3173 734 3236 etiarn
755 3172 929 3235 indefinita
949 3173 1234 3253 circumscribunt,
1253 3181 1295 3254 et,

180 3285 217 3341 ut
230 3279 268 3340 in
281 3278 474 3342 animalium
489 3297 624 3361 corpore
644 3278 777 3343 articuli
795 3281 943 3342 membra
956 3278 1091 3358 quidem
1111 3297 1178 3342 non
1193 3281 1298 3344 disso-

181 3387 279 3465 ciant,
293 3386 352 3466 sed
360 3386 559 3466 quibusdam
568 3389 664 3468 qnasi
673 3386 795 3450 tinibus
807 3385 1027 3468 distinguunt,
1041 3386 1089 3449 sic
1104 3387 1141 3448 in
1151 3390 1298 3451 oratione

179 3508 247 3555 non
268 3491 420 3555 dividunt
446 3494 655 3573 sententiam,
681 3493 740 3556 sed
762 3500 867 3555 certas
892 3493 965 3574 ejus
988 3501 1097 3574 partes
1123 3496 1299 3575 separatim

180 3595 345 3662 illustrant
361 3606 392 3662 et
414 3601 450 3661 in
471 3600 581 3663 medio
595 3608 734 3682 ponunt.
752 3599 971 3664 Alexandrini
992 3601 1111 3682 critici,
1129 3601 1299 3682 princeps·

180 3721 242 3783 que
257 3705 455 3785 Zenodotus‚
473 3715 512 3768 ut
525 3706 656 3768 Lanscn
673 3705 854 3789 opinatur⁵‚
871 3708 913 3769 ab
932 3707 1080 3770 articulis
1102 3710 1299 3788 pronomina

190 3958 225 4026 μι.
238 3952 481 4012 syncateyoremotc,
495 3955 544 4000 hoc
558 3956 596 4000 est
616 3953 847 4014 contionificantic,
862 3955 927 4013 apud
949 3954 1108 4013 dialecticon
1124 3956 1157 4003 er.
1171 3956 1299 4012 Priscian„

179 4013 437 4136 λθιῐὲιέρξιθωιυρ.
1192 4048 1196 4056 ¹

204 4143 226 4183 θ.
239 4139 312 4191 Poet,
322 4149 343 4183 c.
353 4143 387 4184 θθ.

204 4205 226 4307 ἓ.
239 4199 380 4318 θὶρυέῑρθίρίὲ,
389 4206 462 4308 ἓὶιθς
473 4201 572 4258 Dionys.
581 4200 712 4300 Halicarn,
722 4203 756 4250 De
766 4203 891 4301 ρουιροθθθ.
901 4201 1041 4258 verborum,
1050 4215 1072 4250 α
1083 4211 1104 4250 θ.
