3124 5050
781 443 1004 509 ..73-

333 587 486 652 bulorum
500 589 676 668 generibus
692 587 894 652 derivantur.
908 587 998 652 Duas
1012 596 1140 652 tantum
1150 589 1238 671 apud
1251 586 1450 670 Dionysium

333 693 494 758 Thracem
505 696 707 775 invenimus,
721 711 794 776 quae
812 695 991 759 sciliceta«
1004 696 1196 759 nominibus
1209 720 1225 750 2
1236 691 1447 782 (rapdvopa¹,

331 797 418 886 capri
436 811 475 873 -l-
492 797 600 888 ὄνομα,
626 801 663 862 id
686 807 735 864 est
758 825 773 856 e
797 819 836 863 ex
860 802 995 865 nomino
1013 797 1058 886 ιν),
1078 808 1110 864 et
1132 819 1206 882 quae
1226 820 1245 864 a
1267 827 1282 857 α
1304 803 1416 866 verbis
1433 827 1447 856 »

331 901 760 993 (inaurandi-deducuntur.
789 932 804 961 ‹
827 909 1001 986 Pcrcapmo
1025 932 1041 962 2
1065 908 1200 989 quidem
1215 911 1302 990 apud
1318 909 1448 972 Diome-

331 1012 406 1075 dem
431 1013 709 1095 deprehendimns
717 1011 739 1093 ²,
758 1015 817 1076 sed
841 1013 1034 1078 Priscianus
1057 1015 1315 1077 denominativum
1339 1013 1446 1094 dicit⁸,

331 1119 419 1200 qnod
433 1119 631 1184 vocabulum
647 1137 780 1199 agraeco
796 1120 984 1184 inlatinum
994 1120 1181 1185 adverbum
1192 1124 1379 1185 traductum
1389 1130 1446 1185 ost.

330 1224 384 1288 Ad
399 1224 571 1312 ῥηματικὸν
586 1233 696 1290 autem
706 1228 1003 1308 interpretandum,
1019 1225 1224 1307 Charisius⁴,
1238 1227 1445 1308 Diomedem,

330 1330 529 1396 Dositheus⁶
548 1330 824 1414 Priscianusque⁷
844 1335 965 1394 ccrbcic
987 1343 1242 1416 usurpaverunt,
1258 1337 1386 1396 acerbo
1401 1353 1448 1398 or-

329 1445 400 1502 tum
417 1447 452 1502 ut
467 1437 640 1525 ῥηματικόν
655 1456 716 1504 av.
735 1438 832 1526 ῥῆμα,
851 1439 910 1502 alii
924 1437 1020 1503 vero⁸
1034 1442 1116 1516 [octo
1131 1441 1166 1500 de
1180 1441 1281 1503 verbu
1294 1441 1359 1503 His
1374 1459 1448 1503 vero

330 1545 502 1625 speciebus
511 1544 677 1608 adduntur
687 1546 913 1626 aquibusdam
923 1547 1124 1625 adverbialic,
1138 1564 1211 1628 quae
1225 1548 1266 1609 ab
1279 1547 1446 1624 adverbiis,

329 1658 361 1714 et
373 1653 596 1731 participialia,
613 1669 686 1732 quae
700 1655 906 1735 aparticipiis
923 1653 1067 1716 derivata
1082 1651 1186 1716 sunt⁹.

374 1757 459 1820 Tum
477 1776 555 1822 vero
577 1760 605 1820 si
624 1763 797 1822 nominum
815 1760 956 1839 figuram
978 1761 1273 1840 considerabimus,
1297 1760 1368 1822 alia
1383 1762 1446 1824 dis·

295 1857 297 1862 ’
329 1883 501 1928 cernemus
521 1884 651 1946 genera.
670 1865 867 1930 Aristoteles
885 1867 954 1946 jam
974 1863 1063 1934 cirici
1080 1867 1194 1947 altera,
1212 1867 1318 1930 altera
1332 1891 1447 1954 συμπε-

328 1971 486 2058 πλεγμένα
506 1969 647 2059 ὀνόματα
665 1968 928 2055 appellaverat¹⁰.
951 1973 1019 2036 Sed
1043 1978 1106 2036 tria
1126 1991 1246 2052 genera
1265 1974 1447 2056 Dionysius

328 2078 439 2141 Thrax
461 2079 637 2160 distinguit
655 2101 662 2141 :
682 2103 697 2133 «
721 2079 888 2167 Σχήματα
901 2077 935 2146 δὲ
950 2076 1110 2166 ὀνομάτων
1125 2078 1193 2146 ἐστὶ
1206 2079 1299 2165 τρία·
1315 2077 1445 2159 ἁπλοῦν,

321 2184 478 2265 σύνθετον,
500 2184 726 2270 παρασύνθετον
735 2180 768 2249 ¹¹.
789 2186 934 2248 »Latini
957 2193 1066 2250 autem
1081 2188 1299 2265 grammatici,
1318 2187 1446 2250 Aristo-

326 2293 402 2355 telis
412 2287 552 2370 vestigia
562 2299 761 2373 prementes,
774 2293 856 2355 duas
867 2311 938 2356 esso
953 2295 1126 2356 nominum
1135 2295 1252 2372 piparas
1262 2293 1416 2374 plerique
1426 2288 1446 2322 ¹²

325 2397 470 2479 tradunt,
488 2399 623 2461 alteram
635 2400 837 2478 ,simplicium
854 2418 920 2480 quo
938 2399 1098 2463 vocabulo
1120 2400 1156 2462 in
1174 2399 1316 2462 latinum
1335 2400 1447 2462 tradu-

326 2506 412 2568 citur
440 2523 582 2584 graecum
612 2501 742 2584 ἁπλοῦν,
770 2506 905 2569 alteram
928 2501 1211 2586 compendiariam,
1239 2525 1304 2587 quo
1330 2525 1446 2570 sensus

324 2610 464 2676 συνθέτου
481 2619 513 2674 et
533 2612 638 2675 forma
658 2631 809 2692 expresso
825 2619 1112 2694 repraesentantur.
1131 2612 1193 2674 His
1208 2607 1444 2692 Priscianus¹⁴,

324 2717 524 2797 Dionysium
540 2726 684 2797 secutus,
702 2719 903 2796 decomposita
922 2719 1126 2797 adnumerat,
1145 2718 1182 2780 id
1201 2726 1251 2782 est
1270 2739 1309 2782 ex
1330 2737 1447 2799 compo-

349 3377 369 3418 7.
384 3373 411 3418 K.
422 3373 451 3427 ll,
461 3385 486 3430 p.
496 3379 545 3418 410.
557 3377 602 3418 otc.

348 3440 369 3480 8.
385 3435 418 3480 Cf.
430 3435 525 3490 Donat,
536 3435 564 3479 K.
575 3434 614 3487 lv.
626 3447 649 3492 p.
661 3441 709 3480 373.

348 3500 368 3540 9.
384 3513 393 3534 ι
405 3495 558 3542 Advorbialis
570 3515 579 3535 a
591 3497 631 3552 (da
642 3497 864 3554 praepositionibus,
873 3509 929 3556 quae
939 3501 963 3544 ct
973 3497 1091 3544 adverbia
1100 3502 1165 3553 sunt,
1175 3497 1203 3544 K.
1216 3498 1233 3554 l,
1245 3510 1269 3555 p.
1280 3501 1330 3553 aot)
1341 3501 1365 3544 ot
1376 3517 1386 3537 ι
1396 3510 1448 3556 par·

321 3557 450 3614 ticipialc»
461 3558 500 3612 (da
512 3558 664 3615 nominibus,
676 3571 730 3616 qum
741 3562 764 3604 et
775 3560 906 3617 participia
916 3563 982 3615 sunt,
994 3563 1021 3604 ut
1031 3571 1124 3614 amans,
1133 3563 1188 3616 etc,
1198 3560 1225 3605 Κ.
1234 3560 1252 3615 l,
1261 3572 1285 3617 p.
1293 3562 1342 3614 291)
1353 3559 1447 3606 Charis.

320 3621 455 3677 usurpavit.
467 3620 512 3666 ssd
523 3621 612 3665 horum
622 3633 749 3678 generum,
758 3633 813 3678 quae
824 3622 850 3666 in
861 3624 928 3667 textu
939 3622 1141 3677 commemoravi,
1148 3621 1250 3667 nomina
1259 3625 1317 3667 ante
1327 3621 1446 3668 Priscian.

322 3681 373 3726 «ab
388 3681 533 3726 adverbiis»
548 3684 573 3726 ot
588 3695 623 3727 «a
639 3682 775 3740 participiis
789 3682 986 3729 descendentia»
1001 3683 1042 3728 vel
1059 3684 1184 3748 «figurata
1196 3701 1206 3722 »
1219 3687 1343 3729 vocantur
1356 3684 1447 3738 (Char,

320 3741 407 3798 biom,
418 3744 529 3800 excerpt.
540 3743 607 3798 Bob,
616 3744 643 3788 li.
652 3746 669 3798 Ι,
678 3756 702 3801 p.
715 3751 761 3798 155,
772 3751 820 3800 322,
828 3749 885 3800 535).
896 3745 1044 3801 Priscianus,
1052 3748 1079 3790 ut
1089 3745 1158 3799 solet,
1166 3757 1210 3802 pro
1221 3744 1447 3792 circumlocutione

319 3804 558 3910 unumoncubulum
569 3805 681 3851 adhibuit
689 3807 726 3862 (K.
738 3807 766 3862 ΙΙ,
778 3819 801 3864 p.
812 3813 847 3863 60,
857 3809 920 3862 stc).
932 3806 967 3854 Gi.
980 3819 1062 3864 supra,
1073 3820 1097 3865 p.
1107 3813 1134 3852 40
1144 3819 1181 3864 sq.

347 3871 379 3910 10.
414 3871 467 3918 oet„
478 3872 511 3911 21.

347 3934 380 3971 11.
395 3926 418 3971 P.
431 3934 464 3973 19.

346 3993 379 4033 12,
395 3988 488 4043 Donat..
499 3989 526 4035 Κ.
539 3990 577 4044 IV,
589 4002 612 4047 p.
624 3996 675 4047 3773
688 3992 789 4044 Charis..
800 3992 827 4037 Κ.
838 3992 856 4046 Ι,
867 4004 892 4049 p.
905 3996 957 4048 15³3
968 3991 1087 4047 Diomed,
1098 3989 1133 4036 id.
1153 4002 1176 4043 p.
1192 3991 1447 4049 ³013Excerpt.Bob.‚

320 4048 366 4102 id..
377 4062 400 4107 p.
411 4056 465 4108 5343
475 4053 533 4097 last.
545 4054 604 4105 Art,
614 4053 642 4098 K.
654 4054 691 4108 lV,
704 4066 727 4111 p.
738 4058 773 4107 58,
785 4057 831 4100 etc.

346 4118 378 4157 1³.
393 4113 447 4157 lam
461 4113 528 4170 apud
543 4113 610 4159 Varr.
621 4114 690 4169 (Vlll,
702 4116 878 4172 adultumque
893 4125 973 4172 genus
984 4113 1096 4172 (simplas
1112 4117 1135 4159 et
1146 4114 1363 4171 compositicium).
1375 4115 1449 4160 Palm

318 4184 377 4217 mon
386 4172 548 4228 (Quintilian,
559 4172 577 4227 l,
587 4177 607 4228 ⁵,
619 4175 654 4229 45)
664 4173 789 4231 simplicia
799 4177 823 4220 ct
835 4175 977 4231 composita.

346 4239 379 4277 11.
393 4232 422 4278 Κ.
433 4231 461 4290 ll,
473 4245 496 4290 p.
508 4238 555 4289 lii,
568 4235 614 4279 stc.
