3124 5050
577 509 621 518 -
667 470 710 534 25
756 459 800 518 ,ζ
838 502 843 511 .

122 618 375 678 observationes
397 614 437 677 de
458 613 573 693 lingua
598 623 630 677 et
649 619 862 694 grammatica
877 619 1007 695 sparsit,
1025 633 1163 694 quarum
1177 616 1249 677 haee

123 723 277 802 exempla
290 722 378 802 apud
396 720 587 784 Charisium
603 723 896 804 deprehenduntur
913 742 920 783 :
941 747 956 778 α
979 722 1046 785 Sed
1060 721 1168 802 Asper
1185 743 1192 784 ι
1211 721 1248 784 Si

121 833 312 909 genetivus,
330 830 450 909 inquit,
472 830 651 891 «omnium
669 854 683 884 »
701 833 712 888 i
727 829 872 891 litteram
887 836 1004 891 natura
1017 829 1149 908 retinet,
1167 835 1200 891 et
1213 831 1248 890 in

122 939 314 999 accusativo
339 955 412 999 esse
434 937 628 1012 servandam
647 961 661 990 »
680 933 726 1019 (p.
753 933 843 1019 140).
873 961 888 991 α
906 936 1014 1015 Asper
1028 937 1099 997 ait:
1121 941 1249 998 vetuste

127 1065 142 1093 «
172 1041 305 1103 obviam
334 1042 426 1102 fuere
456 1066 488 1120 υ,
521 1041 677 1105 adverbio
710 1042 828 1104 maluit
862 1043 911 1103 uti
940 1059 1039 1121 quam
1071 1041 1206 1104 nomine
1232 1066 1246 1094 >›

124 1142 137 1220 l
140 1167 174 1227 p.
199 1143 307 1230 209)’.
327 1146 393 1210 Sed
415 1151 571 1227 pauciora
594 1155 770 1227 supersunt
793 1149 864 1228 ejus
889 1149 1082 1227 fragmenta,
1101 1165 1199 1228 quam
1214 1156 1250 1208 ut

123 1253 258 1334 aliquid
279 1256 319 1317 ad
339 1275 449 1318 meum
469 1256 622 1320 libellum
641 1277 679 1319 ex
699 1261 742 1319 iis
761 1257 960 1320 conferatur.
982 1256 1083 1318 Illum
1106 1263 1250 1319 seierum

125 1364 192 1424 snb
207 1363 308 1423 finem
323 1362 358 1425 II
375 1372 408 1425 et
422 1363 520 1426 initio
536 1363 589 1424 lIl
606 1364 720 1427 saeculi
734 1367 868 1446 vixisse,
887 1383 994 1443 nuper
1013 1364 1248 1425 Laurentum*

124 1467 330 1531 eontendit'.
996 1481 999 1490 '

175 1573 250 1646 Quo
273 1582 419 1656 tempore
441 1576 589 1638 floruerit
612 1575 730 1638 Velius
753 1577 898 1657 Longus,
924 1584 1033 1639 utrum
1059 1580 1095 1639 in
1110 1576 1248 1639 mediol

126 1681 252 1744 saeoulo
266 1691 340 1763 post
356 1681 468 1762 Chr.³,
486 1702 528 1748 au
550 1687 611 1747 sub
633 1685 774 1765 Trojano
794 1693 827 1747 et
847 1682 1045 1761 Hadriano⁴,
1063 1685 1187 1763 pariter
1200 1686 1250 1743 in-

127 1797 255 1851 certum
278 1797 338 1852 est.
360 1790 442 1870 Ejus
457 1792 685 1854 commentarii
709 1815 723 1844 «
742 1791 782 1852 de
803 1809 865 1852 usu
888 1785 1248 1869 a1itiquaelectionis⁶»

128 1891 191 1958 eti:
210 1893 395 1959 Aeneidos⁶
414 1921 428 1950 ²
446 1900 626 1975 perierunt.
646 1896 758 1958 Exstat
773 1903 882 1960 autem
899 1895 1094 1976 opuseulum
1112 1919 1127 1948 t<
1146 1894 1185 1956 de
1201 1912 1251 1956 or-

84 1981 92 1994 ’
129 2003 330 2083 thograpbia
342 2027 371 2083 »,
391 2023 428 2065 ex
444 2021 509 2083 quo
524 2003 650 2082 aliquot
665 2002 824 2065 voeabula
839 2002 1039 2082 deprompsi.
1058 2001 1123 2063 Per
1138 2018 1252 2062 omnes

129 2116 240 2188 partes
262 2108 340 2170 libri
362 2109 466 2171 multa
488 2127 564 2171 ounr
588 2108 705 2170 Scauri
729 2109 1009 2188 disputationibus
1025 2110 1248 2184 eonsentiimt,

128 2233 192 2277 nec
217 2201 324 2295 potest
348 2216 503 2293 dubitari,
529 2220 611 2295 quin
630 2239 644 2269 «
661 2220 804 2277 maxima
823 2216 894 2295 ejus
911 2233 1090 2278 consensus
1112 2231 1186 2293 pars
1211 2213 1252 2273 ab

130 2322 376 2401 antiquioribus
398 2323 588 2385 auctoribus
609 2318 807 2402 (praesertim
828 2320 946 2383 Verrio
970 2315 1112 2402 Flacco),
1131 2323 1188 2399 qui
1211 2317 1250 2379 de

130 2429 253 2491 iisdem
267 2429 365 2491 rebus
381 2433 592 2510 seripserant,
606 2429 784 2509 repetenda
799 2425 860 2489 sit⁷
879 2452 908 2491 ».
927 2427 968 2488 In
982 2446 1044 2489 usu
1059 2444 1136 2488 vero
1155 2450 1169 2480 r
1188 2433 1252 2488 ter-

130 2540 331 2599 minorum»
354 2539 643 2614 grammatiefflum
663 2536 743 2616 quid
762 2535 879 2599 Velius
895 2540 936 2597 iis
951 2536 1112 2614 debuerit,
1131 2533 1252 2614 dijudi-

131 2646 201 2706 cari
222 2660 289 2704 non
311 2650 430 2723 potest.
454 2643 527 2706 Hoo
548 2651 675 2704 tantum
696 2643 878 2705 verisimile
904 2649 964 2722 est,
981 2642 1070 2721 qnod
1094 2644 1193 2703 etiam
1213 2640 1252 2702 de

131 2749 241 2827 Aspro
255 2748 354 2830 valet,
373 2769 459 2830 eum,
478 2767 553 2812 eum
574 2768 642 2812 non
664 2758 768 2813 artem
794 2756 1015 2830 componeret,
1034 2752 1069 2809 in
1084 2746 1253 2810 vocabulis

134 2879 150 2909 α
169 2853 331 2918 techniois
350 2879 365 2910 »
382 2855 582 2937 usurpandis
597 2854 685 2917 nihil
699 2860 778 2918 novi
793 2856 955 2937 attulisse,
970 2864 1002 2918 et
1017 2855 1251 2935 Palaemonem,

131 2968 170 3023 nt
185 2962 280 3042 eujus
294 2981 347 3024 ars
363 2963 561 3026 scholastica
577 2970 674 3042 esset,
693 2971 843 3025 secutum
859 2981 943 3026 esse.

180 3067 274 3130 ldem
297 3068 336 3130 de
362 3067 470 3148 Capro
494 3073 624 3150 opinor,
650 3087 748 3148 quem
778 3070 839 3131 snb
863 3070 963 3131 finem
988 3069 1056 3130 lere
1081 3067 1116 3127 Il
1142 3064 1254 3128 saeouli

132 3169 262 3237 aetatem
286 3175 399 3254 egisse
410 3175 548 3255 constat,
566 3183 640 3256 post
662 3176 808 3238 Probum
830 3175 1255 3256 Be1·yti11m,qnoauetore

132 3298 214 3342 usus
230 3288 290 3360 est,
316 3288 347 3344 et
369 3290 444 3344 anta
465 3279 597 3343 JnIIum
618 3281 815 3362 Romanum,
834 3299 853 3342 a
874 3297 939 3360 quo
962 3283 1082 3360 saepius
1105 3281 1254 3340 nomina·

135 3385 223 3447 tur⁸.
250 3386 341 3449 Duos
364 3386 466 3451 libros
491 3388 610 3469 edidit,
637 3407 742 3450 unum
770 3411 785 3441 «
809 3388 848 3449 de
871 3386 1087 3465 latinitate»,
1114 3384 1254 3445 alterum

137 3516 152 3546 ι
168 3492 208 3555 de
224 3493 333 3555 dubiis
348 3495 526 3574 generibus
544 3519 573 3575 »,
596 3497 768 3574 inquibus
793 3493 938 3574 plurima
961 3492 1074 3555 Plinio
1095 3499 1126 3552 et
1145 3491 1255 3553 Probo

162 3713 182 3750 1.
197 3705 233 3752 CI.
245 3707 272 3752 li.
283 3707 301 3763 1,
330 3713 394 3753 ere.

162 3774 181 3813 2.
198 3769 231 3814 De
245 3719 386 3815 Prteedrum
400 3769 549 3826 romptorum
563 3767 621 3814 loeta
638 3781 654 3814 a
667 3768 752 3814 Seruio
767 3767 859 3820 allatis,
875 3767 900 3813 in
915 3768 1043 3812 Contment.
1059 3764 1143 3824 pliilol.
1158 3767 1254 3811 lenens.

133 3832 214 3885 (1890),
224 3830 263 3884 tv,
274 3843 298 3887 p.
308 3838 346 3875 401
359 3843 412 3888 sqq.

161 3897 182 3936 ³.
198 3892 224 3938 0.
238 3892 347 3946 Froebdo.
359 3894 391 3938 De
402 3894 425 3938 C.
437 3891 503 3939 Iulio
514 3893 631 3943 Bouiano.
642 3904 665 3948 p.
676 3897 725 3936 615.

160 3961 182 3998 I.
197 3953 379 4004 erasmiani.
391 3966 420 4008 e,
431 3967 455 4011 p.
466 3962 499 4011 ar,
512 3961 558 4010 122,
570 3958 630 4009 ete.;
640 3955 668 4002 li.
679 3955 729 4009 Vll,
741 3965 763 4010 p.
775 3960 809 3998 43.

161 4020 180 4061 5.
199 4016 270 4070 Geli,
280 4017 362 4071 XVIII,
372 4024 393 4062 9.

162 4085 181 4123 6.
198 4079 301 4133 Charis..
312 4079 339 4125 ll.
351 4080 368 4132 Ι,
379 4091 402 4136 p.
416 4085 461 4123 175.

161 4141 366 4198 tbfflpm

161 4207 181 4247 8.
197 4203 225 4250 G.
236 4202 298 4258 Keil,
308 4205 343 4249 De
352 4202 420 4249 Floo.
433 4204 514 4261 Capro
529 4203 690 4261 pronnnab'eo
706 4201 873 4257 Quaestionum
888 4200 970 4257 eapite
981 4199 1010 4252 ll,
1021 4198 1046 4243 iu
1058 4197 1158 4242 Disrert
1170 4195 1254 4253 philol.

135 4264 243 4320 Helena„
254 4267 363 4323 xusset,
373 4277 397 4323 p.
410 4270 508 4320 areensi
522 4265 697 4321 anmorhtrt,
707 4263 722 4309 I.
735 4273 763 4316 e,
774 4275 797 4319 p.
809 4269 856 4308 aea.
