3214 5054
635 481 678 492 -
721 444 788 526 ¹151
835 481 879 492 -

238 585 268 672 c)
283 587 361 649 Alia
376 606 416 650 cx
430 591 672 670 comparatione
688 591 829 670 quadam
844 589 898 653 vel
913 589 1105 671 metaphora
1120 587 1163 675 (c.
1180 587 1277 676 45)¹;

239 691 273 777 d)
288 694 365 756 Alia
380 715 420 757 cx
435 703 568 758 externa
583 705 614 758 et
628 697 764 759 fortuita
780 695 936 777 qualitate
952 693 996 780 (c.
1014 694 1108 780 25)²;

239 798 267 886 a)
287 801 460 864 Nonnulla
480 803 623 883 denique
642 812 699 866 aut
717 822 833 884 parum
854 812 927 884 apte
948 805 1069 866 usitata
1090 822 1173 884 csse,
1191 813 1248 868 aut
1263 806 1314 867 in·

195 917 282 972 certa
296 917 393 989 atque
410 909 549 972 obscura
562 910 690 988 origine
707 905 750 993 (c.
768 906 837 992 45).

240 1013 461 1077 Grammatico
483 1014 655 1094 vocabula,
678 1024 715 1078 ut
738 1033 874 1097 quaeque
901 1016 1043 1094 singulis
1066 1016 1121 1079 his
1139 1018 1316 1098 generibus

196 1122 370 1184 tribuenda
385 1130 472 1199 sunt,
492 1123 554 1184 sub
574 1123 694 1185 iisdem
713 1122 835 1186 litteris
854 1141 935 1204 quas
955 1143 1042 1187 nnnc
1064 1126 1160 1205 posui
1180 1126 1216 1186 in
1237 1143 1316 1188 enu-

194 1229 376 1292 meratione
391 1229 596 1310 dispertiam.

141 1399 143 1404 .
241 1345 269 1406 Ι.
290 1345 379 1408 Mare
394 1363 499 1424 graeca
514 1355 617 1409 simt:

241 1446 274 1533 a)
291 1453 429 1535 catiaco,
447 1450 734 1530 patronymicum³
749 1453 1078 1531 emmerammianos,

240 1551 286 1639 a‘)
302 1559 519 1635 Grammatico,
536 1563 767 1637 premeremus,
784 1563 1017 1639 prammotisto3
1295 1641 1297 1646 ,

238 1662 269 1750 b)
284 1665 492 1739 anomalum,
512 1665 739 1744 apostrophos,
757 1676 904 1745 aptatam,
922 1668 1060 1746 diastole,
1077 1670 1236 1747 dichrona,
1253 1669 1317 1730 dio-

184 1791 333 1852 ·apmam,
355 1771 592 1851 diphthongus,
610 1773 769 1850 diptotam,
792 1771 989 1852 disyllabus,
1008 1778 1171 1854 epicenon,
1188 1774 1317 1837 betero-

196 1878 312 1954 oliton,
336 1883 526 1958 acceptatam,
552 1877 798 1957 homonymum,
822 1881 955 1958 hyphen,
977 1884 1193 1959 menophanes,
1216 1899 1318 1943 moco-

193 1995 308 2065 poton,
327 1983 584 2066 monosyllabas,
606 2004 808 2065 porcpopum,
823 1989 1073 2065 parasyatbetoa,
1095 2002 1314 2066 paronymon,

193 2102 397 2171 pactaptotoa,
416 2093 630 2171 polyoapmoa,
656 2091 896 2171 polysyllabus,
918 2094 1075 2172 prosodia,
1092 2093 1240 2172 syllaba,
1265 2110 1317 2172 sy-

196 2213 390 2277 nonymum,
416 2209 650 2276 tetraonymarn,
672 2209 859 2278 tetraptotm,
886 2183 1111 2278 tetrasyllabuc,
1139 2210 1239 2278 tonas,
1263 2204 1317 2261 tri-

196 2324 297 2383 pertes,
321 2309 524 2384 trionymam,
536 2309 696 2385 triptotam

240 2408 271 2494 c)
287 2411 531 2485 barbarismus,
554 2413 656 2490 dosia,
675 2415 899 2490 hypocorisma,
918 2413 1008 2490 psile,
1029 2411 1245 2487 solaecismus,
1263 2414 1317 2477 vol

196 2520 318 2582 soloecas
329 2540 339 2599 ,-

241 2623 274 2707 ἀ)
289 2624 481 2705 Epitheton.

240 2731 288 2793 Ea
308 2750 375 2795 non
397 2733 508 2810 citavi,
534 2748 606 2812 quac
628 2731 747 2794 litteris
772 2738 899 2792 tantum
921 2733 1036 2809 graccis
1061 2732 1183 2813 scripta
1197 2733 1311 2815 deprc-

195 2838 311 2902 hendi.
329 2838 566 2918 Semigraecnm
581 2846 630 2901 cst
644 2840 799 2900 macaria.

240 2954 387 3029 11:011ae
398 2956 468 3036 Jam
481 2956 603 3017 usitata
618 2955 823 3032 grammatici
839 2955 875 3016 in
898 2973 996 3017 snum
1012 2973 1110 3018 nsum
1129 2972 1314 3037 assumpse-

193 3069 282 3142 runt,
299 3062 335 3123 in
351 3062 432 3124 duas
446 3063 519 3142 ipsa
534 3062 661 3142 species
677 3060 855 3123 dividenda
871 3069 969 3122 sunt:

239 3166 283 3227 Α.
299 3166 380 3240 Quae
395 3183 538 3244 graecum
552 3183 674 3229 nomen
689 3184 756 3228 non
771 3166 934 3245 reddunt3

239 3271 279 3334 B.
296 3271 376 3346 Quae
391 3291 506 3335 marsus
520 3289 664 3350 graecnm
680 3290 801 3336 nomen
816 3274 1071 3353 interpretantes
1092 3272 1201 3335 Latini
1218 3291 1312 3336 usur·

194 3387 364 3460 paverunt.

237 3539 276 3604 A.
293 3538 435 3603 Illorum
449 3556 527 3601 vero
543 3526 656 3619 plures
672 3547 750 3601 sunt
767 3539 894 3620 species
913 3559 921 3600 ι

240 3643 271 3706 1⁰
283 3645 364 3720 Qum
380 3665 398 3707 a
412 3647 576 3726 principio
592 3665 662 3709 rem
676 3645 719 3707 ad
732 3646 978 3724 grammaticam
992 3645 1213 3726 pertinentem
1227 3645 1312 3731 djcsi·

192 3761 376 3830 gnaverunt
393 3773 401 3814 :

219 4115 238 4152 1.
253 4107 282 4153 Ut
292 4105 473 4158 barbarismus,
483 4106 611 4162 supinam.
620 4105 839 4167 racina-obliquas,
851 4108 897 4150 otc.

217 4174 238 4214 a.
252 4167 410 4226 adjectivum,
419 4168 575 4225 praepositio,
586 4172 685 4213 octavus
696 4179 777 4222 casus,
787 4170 834 4212 otc.

216 4236 238 4276 a.
253 4229 419 4278 crassioribus
430 4228 518 4274 litteris
528 4229 712 4287 distinguentur
723 4240 760 4284 ea,
771 4241 799 4274 cx
810 4228 901 4288 qulbus
911 4227 975 4277 Galli
984 4226 1107 4274 vocabula
1116 4227 1272 4275 deduximus.
