3124 5050
663 836 760 908 'DE

212 1117 755 1263 GRAMMATICIS
803 1115 1250 1262 doctrinm

529 1460 671 1530 APUD
709 1459 932 1530 tdrtnos

604 2215 871 2288 PROOEMIUM

225 2444 318 2505 Licet
332 2444 419 2504 inter
433 2441 572 2504 humani
591 2441 720 2519 ingenii
741 2441 875 2503 inventa
894 2439 1025 2502 nullum
1045 2443 1112 2504 lere
1127 2444 1232 2520 magis
1247 2445 1297 2505 in-

181 2549 323 2614 valuerit
338 2557 369 2610 et
387 2549 487 2610 latius
505 2547 735 2628 pervulgatum
750 2549 804 2626 sit,
823 2567 921 2628 quam
939 2551 1158 2625 grammaticae
1173 2569 1253 2613 usus
1269 2559 1300 2612 et

182 2658 265 2718 ratio
276 2650 297 2734 ¹,
316 2655 434 2735 quibus
450 2662 560 2716 tamen
576 2672 614 2716 ex
628 2654 818 2734 primordiis
834 2655 1018 2735 quibusque
1034 2657 1246 2718 incrementis
1261 2658 1298 2718 ad

183 2761 867 2842 tantamamplitudinemauctoritatemque
876 2766 1084 2842 processerit,
1098 2782 1165 2826 non
1175 2767 1302 2826 nescire

183 2869 332 2950 plerique
347 2866 538 2947 neglegunt.
551 2867 612 2928 Hae
622 2868 774 2930 notiones
786 2868 886 2946 enim,
901 2869 1020 2948 quibus
1035 2887 1123 2931 nunc
1133 2869 1186 2932 vel
1196 2871 1304 2931 infimi

184 2976 311 3038 ordinis
322 2975 621 3052 grammatistarum
635 2973 740 3035 libelli
754 2974 920 3036 abundant
931 2994 1076 3056 quasque
1087 2983 1199 3038 tenera
1213 2984 1305 3038 aetate

185 3083 225 3144 ad
239 3082 435 3145 tenuissima
449 3081 634 3142 litterarum
647 3081 813 3160 principia
827 3082 1017 3144 accedentes
1028 3101 1103 3144 cum
1116 3085 1188 3161 ipso
1205 3101 1305 3163 prope

186 3189 317 3270 eloquio
332 3189 535 3267 imbibimus,
548 3187 738 3266 linguarum
753 3195 878 3250 naturae
890 3197 921 3251 et
931 3190 1077 3252 scientiae
1087 3191 1132 3251 ita
1142 3189 1306 3252 cohaerere

186 3299 351 3375 videntur,
374 3304 412 3357 ut
432 3295 577 3356 defuisse
597 3313 651 3356 eas
672 3293 849 3375 aliquando
865 3302 896 3357 et
914 3295 1018 3358 multo
1034 3297 1164 3358 demum
1185 3296 1307 3358 multo-

188 3421 325 3484 rumque
346 3402 458 3464 labore
478 3409 587 3464 erutas
609 3410 706 3482 atque
727 3402 920 3466 hominibus
945 3404 1078 3466 traditos
1099 3405 1154 3466 vix
1176 3404 1307 3466 credere

188 3511 365 3592 possimus.
385 3508 422 3571 Si
438 3509 511 3588 quis
526 3515 636 3570 autem
660 3509 917 3572 consideraverit
932 3529 1030 3590 quam
1045 3510 1186 3573 exilibus
1201 3511 1309 3572 initiis

190 3617 277 3700 apud
296 3615 473 3697 sophistas,
496 3614 670 3678 Platonem
691 3622 722 3678 et
740 3615 953 3679 Aristotelem
971 3618 1132 3696 inceperit
1151 3635 1310 3696 gramma-

192 3726 266 3803 tica,
281 3730 404 3805 quanta
413 3721 570 3784 felicitate
582 3723 713 3802 quantis
724 3722 850 3785 divitiis
860 3731 954 3786 aucta
964 3725 1007 3786 sit
1017 3743 1036 3785 a
1046 3723 1178 3803 Stoicis,
1191 3732 1311 3805 quanto

191 3832 305 3896 ardore
320 3849 339 3892 a
355 3837 434 3911 quot
448 3829 552 3891 doctis
567 3847 642 3890 cum
653 3827 777 3890 Graecis
792 3835 862 3891 tum
877 3829 1004 3891 Latinis
1015 3839 1160 3909 tractata,
1173 3830 1215 3892 ad
1225 3848 1313 3892 sum⁴

188 3960 280 4004 mum
295 3940 365 4002 fere
380 3935 540 4016 producta
558 3936 601 3995 sit
621 3943 652 3996 et
670 3935 831 4015 perfecta3
853 3954 927 3998 oum
942 3943 1051 3999 tamen
1067 3938 1187 4017 saepius
1203 3943 1235 3998 et
1249 3934 1314 3997 for-

186 4069 256 4132 mas
271 4047 382 4126 magis
397 4060 495 4126 quam
510 4060 623 4104 earum
633 4042 701 4104 vim
716 4043 867 4104 intimam
878 4061 914 4106 ao
929 4050 1122 4124 potestatem
1137 4043 1188 4105 illi
1200 4043 1315 4119 digno-

184 4207 407 4228 —-„,„.......

209 4317 229 4356 1,
246 4304 367 4354 classen,
378 4295 414 4339 De
424 4291 532 4338 Gramm.
544 4291 620 4338 Graec.
632 4291 764 4345 Primord,
774 4303 798 4350 p.
810 4299 829 4338 1.

293 4403 330 4436 me
347 4394 448 4430 ornum.
462 4392 551 4425 rocos.
