3124 5050
748 474 970 538 ..34-

297 619 339 682 ad
363 619 505 682 eundem
529 635 671 698 quoque,
698 618 829 680 etiamsi
852 636 920 682 non
943 622 1154 702 excerpserit,
1180 624 1250 700 ipse
1275 621 1419 700 rejiciat.

298 726 413 808 Neque
428 728 553 806 optima
568 725 677 788 solum
696 725 804 806 eligit,
823 725 882 788 sed
901 730 1013 788 omnia
1031 730 1217 808 promiscue
1237 735 1419 806 coacervat,

297 851 536 914 nonnunquam
556 836 656 894 etiam
673 850 791 912 parum
810 831 1022 910 intellegere,
1041 832 1121 912 quid
1136 833 1270 912 majoris
1286 841 1342 895 aut
1357 836 1420 894 mi·

296 943 388 1002 noris
402 943 563 1002 momenti
579 943 634 1020 sit,
652 943 850 1016 gravissima
863 942 1096 1019 praetermittit.
1114 938 1197 1000 Inde
1216 939 1252 1001 fit
1265 947 1303 1001 ut
1317 941 1420 1001 tritis-

297 1049 381 1110 sima
395 1045 545 1109 doctrina
560 1056 592 1108 et
606 1045 755 1108 ridiculae
775 1045 943 1108 interdum
965 1064 1062 1126 nugae
1082 1047 1118 1107 in
1134 1047 1205 1125 ejus
1221 1045 1317 1108 libris
1330 1063 1421 1108 com·

297 1153 555 1234 prehendantur,
572 1159 609 1214 ut
623 1152 674 1214 bis
688 1151 743 1214 vel
756 1151 901 1232 amplius
914 1156 951 1213 in
966 1150 1081 1214 eodem
1095 1155 1202 1230 capite
1212 1152 1326 1214 eadem
1336 1159 1420 1214 trac-

298 1268 408 1323 tentur
427 1267 458 1322 et
478 1259 677 1339 aliquotiens
699 1260 828 1322 diverso
852 1259 951 1322 modo
975 1258 1209 1338 dijudicentur,
1227 1262 1263 1319 in
1288 1276 1419 1320 summa

296 1367 401 1430 multa
413 1386 529 1447 parum
545 1385 657 1429 secum
673 1374 891 1430 consentanea
908 1370 1179 1446 permisceantur.
1203 1363 1279 1447 Sed,
1296 1375 1333 1428 ut
1345 1367 1415 1445 J'am

295 1478 560 1554 commemoravi,
587 1491 663 1536 cunr
690 1472 828 1553 plurimi
851 1477 1057 1550 grammatici
1086 1473 1296 1536 dissimulent
1323 1472 1412 1534 unde

295 1585 466 1644 nrateriam
482 1599 575 1642 suam
598 1579 783 1654 hauserint,
802 1577 976 1642 Charisius
995 1597 1081 1660 saepe
1094 1588 1254 1661 auctoreS,
1273 1597 1414 1659 quorum

294 1687 397 1749 libros
412 1687 613 1768 compilavit,
632 1689 828 1748 nominatim
843 1686 938 1749 affert
955 1707 963 1748 ε
980 1686 1068 1749 unde
1088 1685 1254 1766 duplicem
1274 1690 1413 1763 gratiam
1436 1767 1442 1774 Ι

295 1798 327 1856 ei
342 1793 518 1872 debemus,
534 1797 679 1873 primum
690 1797 792 1875 enim,
810 1810 881 1872 quae
896 1792 996 1856 fuerit
1014 1792 1251 1856 nonnullorum
1265 1801 1414 1855 veterum

294 1902 582 1978 grammaticorum
598 1897 758 1979 doctrina,
776 1900 848 1978 ejus
870 1899 1031 1962 beneficio
1047 1900 1143 1961 nobis
1157 1899 1282 1976 lingere
1298 1917 1414 1979 possu-

294 2024 387 2084 mus,
407 2005 527 2068 deinde
551 2007 708 2085 quoniam
726 2007 762 2066 in
783 2009 825 2065 iis
845 2022 918 2085 quae
940 2024 974 2068 se
995 2007 1207 2085 exscripsisse
1227 2007 1411 2086 profitetur,

295 2131 370 2175 cum
380 2111 569 2174 aliisaetatis
580 2129 647 2173 suae
662 2111 862 2190 artigraphis
873 2111 1060 2174 adverbum
1070 2129 1155 2192 saepe
1170 2114 1334 2191 congruit,
1351 2112 1413 2174 hos

294 2219 524 2298 cognoscimus
539 2237 642 2299 pauca
656 2217 709 2280 vel
724 2217 813 2280 nihil
829 2238 867 2280 ex
882 2237 941 2281 suo
957 2238 1044 2298 penu
1060 2223 1096 2282 in
1110 2219 1213 2282 libros
1224 2237 1301 2281 snos
1312 2217 1413 2281 eollo-

296 2344 397 2388 casse.
420 2325 655 2404 Palaemonem,
677 2324 876 2406 Romanum,
901 2324 1137 2388 Cominianum
1157 2329 1340 2406 saepissime
1356 2343 1414 2388 no-

293 2435 398 2494 minat
423 2430 596 2493 Charisius
622 2438 654 2494 et
676 2432 888 2510 potissimum
909 2440 1042 2494 secutus
1067 2450 1138 2494 esse
1167 2431 1317 2509 videtur3
1344 2430 1414 2492 illis

294 2556 422 2618 quoque
446 2535 540 2615 locis,
567 2538 686 2617 quibus
706 2536 839 2600 nullum
858 2542 1001 2600 auctoris
1021 2555 1142 2600 nomen
1157 2538 1292 2617 profert,
1311 2532 1413 2600 alios¹

293 2661 474 2724 anonymos
493 2643 655 2722 adhibuit,
679 2647 726 2705 ita
747 2652 782 2705 ut
802 2645 873 2724 eius
894 2644 1041 2706 doctriua
1059 2648 1179 2724 partim
1197 2648 1295 2706 certis
1317 2663 1413 2724 arga-

292 2753 414 2812 mentis
428 2750 526 2812 certis
541 2753 729 2812 auctoribus
745 2750 907 2812 vindicari
922 2753 1037 2831 possit,
1055 2752 1174 2830 partim
1190 2755 1245 2813 cui
1260 2751 1414 2831 scriptori

294 2864 325 2919 et
349 2861 404 2919 cui
434 2857 575 2936 tempori
607 2857 782 2918 tribuenda
813 2860 857 2917 sit
885 2858 1020 2919 omnino
1050 2861 1225 2922 nesciatur.
1256 2857 1413 2938 Idemque

293 2963 420 3025 accidat
434 2981 569 3025 necesse
584 2970 633 3051 est
649 2961 689 3023 de
704 2961 873 3025 vocabulis
888 2964 1122 3042 grammaticis,
1142 2980 1228 3042 saepe
1247 2966 1284 3024 in
1300 2962 1413 3025 eadem

293 3088 328 3131 re
343 3072 430 3131 inter
445 3087 479 3130 se
495 3068 648 3148 diversis,
666 3086 737 3148 quae
753 3068 840 3147 apud
856 3087 933 3130 eum
958 3068 1264 3148 deprehenduntur.
1282 3069 1410 3150 Neque,

292 3184 330 3238 ut
343 3176 431 3255 apud
449 3176 615 3238 Donatum
636 3173 797 3255 aliosque,
816 3194 853 3236 ex
875 3192 912 3236 eo
934 3175 1022 3254 quod
1036 3174 1291 3254 appellationem
1307 3176 1410 3237 adsci-

293 3285 340 3344 vit
351 3285 593 3362 grammaticus,
606 3280 831 3358 colligendum
842 3289 891 3342 est
902 3299 973 3342 eam
984 3280 1033 3342 IV
1043 3279 1166 3344 saeculo
1177 3283 1213 3343 in
1222 3300 1286 3344 usu
1296 3282 1409 3360 luisse,

293 3390 338 3450 ita
353 3389 439 3469 apud
456 3387 647 3450 Charisinm
661 3386 832 3468 vocabula,
850 3389 921 3449 sine
938 3391 1080 3449 auctoris
1095 3388 1229 3449 nomine
1245 3395 1409 3466 usurpata,

292 3496 442 3572 dignosci
471 3504 577 3575 potest
609 3504 721 3557 utrum
750 3514 769 3555 a
798 3497 1024 3575 superioribus
1057 3495 1168 3558 solum
1199 3495 1412 3574 scriptoribus

292 3601 440 3663 adhibita
454 3601 589 3681 luerint,
603 3619 645 3662 an
661 3608 739 3663 tunc
753 3604 910 3681 temporis
921 3601 1028 3662 adhuc
1045 3604 1081 3662 in
1095 3600 1221 3663 honore
1232 3602 1409 3680 viguerint.

336 3706 532 3768 Diomedem
554 3713 628 3786 post
651 3707 816 3768 Donatum
839 3715 870 3768 et
896 3704 1088 3768 Charisiunr
1110 3705 1261 3768 ssornisse
1286 3715 1413 3769 certum

293 3821 358 3891 est,
386 3814 433 3892 si,
462 3812 549 3892 quod
575 3809 683 3872 Jeer'
709 3812 799 3874 haud
818 3812 975 3874 invalidis
998 3815 1201 3901 argumentis
1223 3813 1409 3892 contendit,

292 3927 467 3998 utrumque
491 3918 655 3979 adhibuit.
675 3916 829 3980 Ceterum
844 3927 1019 3999 utrumque
1035 3922 1072 3979 in
1091 3918 1144 3980 III
1173 3923 1284 3980 «artis
1307 3937 1413 3996 gram·

254 4249 255 4252 ,
320 4211 339 4248 1.
354 4204 521 4309 {consumpsi
533 4213 576 4257 gn,
588 4201 609 4246 si
620 4200 723 4247 Clnistlo
733 4202 842 4247 creditur
853 4201 1009 4261 (Philologus,
1020 4201 1102 4256 xv111,
1113 4214 1136 4258 p.
1149 4203 1204 4254 127).

319 4271 339 4309 e.
375 4268 499 4321 .c.,p.5··
515 4271 534 4308 s.
