3124 5050
723 436 945 501 *74⁴-

275 587 386 642 1311133
402 577 517 642 latinis
540 586 680 644 utuntur
700 580 882 661 vocabulis,
904 597 1010 660 graeea
1027 578 1177 659 plerique
1193 577 1293 640 simul
1307 595 1398 641 oom-

274 694 468 769 memorant,
485 685 664 751 Diomedes
678 707 766 752 unus
780 706 848 751 non
863 688 978 751 eodem
992 705 1093 750 sensu
1109 685 1275 767 ut1·aqus¹.

706 935 763 999 De
784 933 957 998 nomine.
997 977 1001 983 -

319 1118 499 1201 Praeeipuae
522 1128 631 1203 parles
659 1123 818 1186 orationis
840 1122 914 1184 dnae
934 1128 1023 1204 3331,
1040 1137 1162 1184 nomen
1191 1126 1223 1181 31
1243 1119 1394 1197 verbum,

275 1241 348 1305 quae
362 1243 398 1288 rs
414 1245 491 1290 vera
510 1226 638 1307 aliquid
657 1227 807 1292 indicent
829 1227 1053 1310 vocabuloque
1074 1227 1267 1306 designent,
1286 1226 1324 1286 in
1341 1222 1396 1285 his

276 1332 410 1412 quidem
433 1335 542 1398 omnis
563 1335 698 1398 dieendi
720 1336 773 1398 vis
788 1344 821 1398 31
836 1354 957 1398 nervus
973 1336 1181 1413 continetur3
1198 1340 1230 1395 31
1243 1332 1394 1412 reliquae,

276 1438 366 1500 utin
380 1440 458 1502 navi
479 1438 564 1504 olavi
585 1448 617 1504 31
637 1441 799 1520 bitumen,
821 1459 889 1504 non
911 1449 977 1503 tam
996 1446 1105 1522 partes
1119 1459 1217 1520 quam
1233 1439 1397 1519 juncturae

277 1545 440 1607 sermonis
464 1545 531 1610 diei
550 1547 679 1627 possint
695 1543 718 1609 ².
743 1545 806 1608 His
828 1547 947 1629 igitur,
976 1554 1013 1610 31
1041 1545 1163 1610 elarius
1184 1544 1398 1622 intellegatur

277 1651 398 1732 quibus
418 1653 575 1731 gradibus
596 1656 793 1734 processerit
811 1654 899 1735 apud
919 1661 1048 1718 veteres
1071 1653 1295 1733 grammatica,
1312 1653 1396 1715 inei·

276 1775 355 1838 pere
376 1759 521 1822 institui.
546 1759 668 1822 Primae
682 1761 773 1823 enim
788 1779 826 1822 ex
840 1760 908 1823 alio
928 1760 1053 1839 linguae
1071 1766 1229 1840 apparatu
1243 1760 1396 1822 distincte

280 1873 454 1947 separatae,
482 1864 679 1945 singillatim
707 1873 886 1947 perspeotae
913 1884 952 1929 31
974 1867 1153 1928 nominatae
1177 1871 1266 1929 sunt.
1293 1862 1397 1945 Cujus

279 1970 503 2035 distinotionis
523 1972 699 2037 Platonem
719 1975 925 2037 inventorem
939 1974 1044 2036 fuisse
1059 1975 1180 2054 saepius
1195 1973 1397 2036 demonstra·

278 2084 348 2140 tum
362 2076 442 2142 esst
1417 2154 1420 2160 Ι

321 2183 422 2264 Apud
440 2185 622 2250 Homerum
642 2185 711 2266 jam
738 2182 880 2271 ὀνόματα
901 2186 1058 2249 dicuntur
1079 2185 1254 2266 voeabula,
1277 2185 1396 2265 quibus

277 2288 441 2370 homines,
460 2291 509 2353 dii
522 2295 715 2371 regionesve
730 2293 959 2372 insigniuntur
973 2288 1068 2377 (gall.
1085 2292 1226 2352 1111111113
1238 2286 1392 2373 proprus).

278 2393 408 2468 Quibus
427 2404 536 2461 3313111
556 2415 609 2461 133
630 2397 821 2460 indicantur
841 2393 913 2482 (131.
939 2399 1133 2477 appellativo,
1150 2394 1230 2476 gall.
1253 2396 1295 2456 les
1309 2413 1395 2457 111133

277 2500 459 2586 omninum),
483 2523 521 2567 33
539 2522 607 2569 non
626 2503 723 2566 aliter
742 2510 931 2585 nuncupata
950 2511 1027 2568 sont
1045 2522 1065 2566 3
1082 2503 1232 2583 Platone,
1250 2519 1312 2566 neo
1331 2503 1396 2566 for-

278 2611 364 2668 tasse
387 2627 406 2668 a
429 2606 619 2688 Pythagora
627 2607 650 2673 ⁴.
678 2608 775 2682 Quod
798 2609 938 2672 minime
960 2609 1149 2671 mirandum
1173 2615 1222 2671 331
1246 2627 1355 2692 neque
1376 2627 1395 2670 a

277 2714 404 2776 ratione
418 2733 581 2798 aversum,
599 2732 674 2779 oum
689 2715 805 2778 eodem
817 2715 916 2778 modo
930 2717 1114 2778 formentur
1123 2715 1394 2796 declinenturque
1408 2697 1410 2702 ¹

277 2819 449 2900 utriusque
470 2822 602 2901 generis
625 2821 795 2902 voeabula,
821 2827 919 2901 atque
942 2821 1078 2884 eandem
1103 2823 1198 2902 quasi
1220 2837 1395 2902 personam

276 2925 313 2987 in
336 2925 484 2987 oratione
508 2933 636 3007 gerant.
662 2926 755 2990 Lioel
779 2943 818 2988 ea
841 2929 985 3007 separari
1009 2935 1042 2990 31
1069 2935 1207 3006 utraque
1235 2927 1395 3009 peculiari

276 3030 497 3110 appellatione
518 3034 629 3096 vocari
652 3032 800 3114 quidam,
824 3039 861 3095 31
884 3033 974 3096 13113
994 3034 1198 3115 videbimus,
1216 3034 1393 3115 voluerint,

277 3137 448 3216 praevaluit
470 3144 582 3202 tamen
599 3158 681 3202 usus
705 3140 874 3219 antiquus,
900 3145 993 3201 3131
1017 3138 1201 3221 Dionysius
1231 3139 1342 3203 Thrax
1365 3147 1397 3202 31

277 3243 477 3324 Apollonius
500 3245 665 3327 Dyscolus
687 3263 762 3310 oum
783 3249 931 3327 proprio,
959 3254 1030 3311 tom
1054 3249 1240 3329 appellativo
1262 3249 1396 3311 nomina

277 3353 399 3430 pariter
425 3348 565 3439 ὀνόματα
593 3353 752 3418 dicerent.
780 3352 850 3416 Neo
879 3371 974 3416 seous
1002 3354 1090 3435 apud
1118 3353 1255 3416 Latinos
1280 3372 1316 3416 se
1343 3371 1394 3416 res

277 3454 474 3520 habuerunt.
492 3458 671 3540 Postquam
687 3462 776 3524 enim
791 3459 986 3540 aliquandiu
1000 3461 1037 3521 in
1052 3478 1090 3523 33
1103 3461 1284 3541 quaestione
1299 3459 1396 3532 haesi·

277 3568 428 3627 taverunt
446 3581 483 3628 31
505 3565 756 3646 disputaverunt
776 3567 995 3649 grammatici,
1019 3584 1134 3630 omnes
1154 3566 1288 3628 tandem
1307 3568 1344 3629 in
1357 3582 1393 3628 eo

277 3678 511 3752 convenerunt,
546 3679 594 3753 ul,
629 3689 703 3753 quae
735 3671 919 3753 Dionysius
946 3673 1213 3754 Apolloniusque
1241 3668 1393 3758 ὀνόματα,

273 3779 404 3856 proprio
418 3777 547 3840 seilicet
568 3786 600 3841 et
619 3779 815 3859 appellativo,
840 3798 879 3843 ee
899 3780 966 3860 ipsi
984 3781 1108 3841 1111111113
1122 3780 1246 3861 pariter
1266 3797 1395 3842 nunon-

302 4033 321 4071 1.
336 4026 362 4071 L.
373 4037 392 4072 a
402 4026 446 4072 Ex.
456 4038 501 4084 gn,
511 4044 521 4066 a
531 4026 587 4084 opis
597 4045 607 4066 n
619 4027 737 4085 triptoton
748 4029 793 4084 est,
803 4028 863 4086 quia
873 4029 922 4074 1133
932 4029 1028 4074 tontum
1040 4039 1112 4074 133113
1121 4027 1202 4074 habet.

302 4092 323 4132 1.
339 4087 374 4134 Gi.
385 4087 501 4147 Plutnrq,
512 4089 600 4146 Queat.
611 4087 716 4144 Platon,
725 4089 765 4144 lx,
776 4093 800 4134 et
810 4089 918 4145 Classen,
929 4089 945 4136 1.
956 4101 985 4144 1.,
995 4101 1020 4148 p.
1030 4093 1066 4136 41.

302 4155 323 4194 s.
338 4149 373 4196 Gi.
385 4150 492 4207 Classen,
502 4150 518 4198 1.
529 4162 558 4206 1.,
569 4163 593 4208 p.
603 4158 630 4196 41
641 4153 666 4197 31
675 4150 809 4209 praesertim
820 4151 969 4208 Grilonhan,
980 4151 996 4198 l.
1007 4164 1036 4207 1.,
1046 4152 1064 4208 l,
1074 4163 1098 4210 p.
1109 4158 1195 4210 11133.

300 4215 322 4256 s.
337 4212 443 4269 Lernen,
453 4210 469 4259 l.
480 4213 537 4270 1.,1,
547 4224 572 4271 p.
583 4217 609 4258 25
618 4225 686 4271 sqq.;
696 4213 725 4269 ll,
736 4224 761 4270 p.
771 4219 784 4258 1
793 4218 862 4270 sq.,8
873 4225 928 4270 sqq.
