3214 5054
765 465 1012 530 -15ttm

352 603 404 692 i)
434 607 607 670 Absolutum
636 603 828 692 (modom),
860 609 1014 671 collectiva
1042 603 1252 693 (conjunct),
1283 610 1446 688 collipatio,
1541 679 1548 688 ,

326 712 558 793 compositum,
570 717 805 793 comprehensio,
823 719 984 796 conceptio,
1002 713 1221 793 conjugatum,
1240 714 1445 792 conjunctio,

327 819 704 902 comato,die1'unotiva²‚
718 821 843 901 duplea,
860 823 1027 900 illitterato,
1045 825 1203 884 neumam
1214 817 1347 905 (vern),
1366 836 1448 883 neu·

325 929 417 988 mum
432 920 576 1010 (genus),
594 929 723 1007 simplem
737 923 795 1007 (ε
805 924 967 1011 positia),
986 926 1128 1006 simplex
1143 921 1299 1012 (vocab),
1317 928 1447 1006 simpteu

327 1028 473 1116 (paean

371 1135 400 1224 c)
414 1139 577 1218 inclinare,
595 1137 856 1218 indeclinabile;

371 1242 404 1329 d)
420 1247 611 1326 Praepositio,

371 1347 400 1436 e)
415 1353 632 1430 Immutabilis,
648 1356 808 1432 ittaque-le.

371 1455 404 1522 8ο
420 1457 611 1541 Composita
629 1478 770 1541 quornm
789 1462 880 1542 prior
893 1479 968 1543 pars
985 1468 1113 1524 tantum
1133 1479 1208 1524 aum
1227 1463 1341 1540 graecis
1356 1477 1445 1524 oom-

327 1567 443 1647 positis
458 1568 610 1644 congruit
628 1587 635 1628 :
1386 1573 1389 1580 '

370 1669 403 1757 a)
419 1671 683 1753 comparativum³
698 1670 815 1758 (adn),
833 1675 1018 1754 superlatiop

370 1776 421 1864 α’)
437 1779 705 1859 Comparatirua³
720 1777 869 1864 (gradus)
882 1800 890 1860 ς

371 1884 402 1970 d)
417 1890 529 1966 Anceps
545 1882 693 1970 (vocal),
709 1891 902 1967 cmvstructio,
919 1898 1070 1967 correpta,
1093 1887 1267 1968 disjunctio,
1290 1889 1443 1967 infimius,

325 1997 498 2073 preposita,
513 1997 744 2074 primipenium,
762 1978 913 2078 subjecta‚·

371 2096 404 2184 d)
419 2102 567 2182 Adiecti03

371 2204 399 2292 e)
414 2205 664 2272 circumflexus.

371 2313 405 2376 9ο
419 2312 582 2392 Congruit
596 2323 725 2376 tantum
739 2315 902 2396 posterior
916 2333 991 2396 pars
1010 2335 1018 2377 :

370 2416 403 2504 a)
419 2417 577 2485 ereneus.

371 2523 438 2588 III.
465 2526 545 2599 Quae
566 2527 608 2588 ad
629 2529 856 2605 grammaticas
877 2546 931 2590 res
955 2527 1214 2592 denominandos
1237 2534 1346 2591 creata
1367 2531 1445 2588 sunt

326 2632 495 2711 vocabula,
514 2650 551 2696 eo
566 2634 701 2714 majoris
718 2635 875 2698 videntur
889 2653 961 2697 esse
976 2637 1147 2714 momenti,
1166 2635 1254 2716 quod
1269 2635 1307 2695 in
1320 2633 1376 2695 his
1393 2649 1446 2694 ar·

325 2746 392 2801 tem
405 2739 652 2802 formandorum
665 2740 753 2820 apud
768 2740 902 2802 Latinos
917 2742 1093 2804 verborum
1109 2739 1356 2822 deprehendere
1369 2755 1446 2819 pos·

326 2863 451 2924 sumus,
469 2864 529 2909 nec
545 2846 617 2908 sine
633 2846 824 2910 difficultate
840 2856 872 2910 et
881 2846 1088 2910 haesitatione
1103 2847 1202 2911 verba
1217 2863 1323 2924 graeca
1338 2853 1445 2907 trans·

326 2949 392 3012 lata
407 2967 478 3014 esse
493 2953 529 3012 in
545 2951 659 3033 latina,
682 2971 721 3014 ex
741 2950 979 3032 Quintiliano⁴,
1005 2960 1037 3015 et
1058 2951 1186 3016 Gellio⁶
1200 2952 1441 3030 cognoscimus.

327 3057 368 3118 In
381 3057 435 3119 his
450 3065 559 3121 autem
579 3058 812 3121 enumerandis
832 3058 975 3123 eundem
990 3059 1143 3123 ordinem
1161 3059 1279 3122 tenebo
1295 3073 1394 3139 quem
1408 3059 1445 3118 in

325 3164 563 3243 superioribus,
580 3165 777 3246 easdemque
790 3183 891 3246 prope
908 3167 1036 3247 species
1050 3165 1259 3229 constituam.

347 3273 352 3284 ’
370 3270 412 3334 Α.
433 3267 584 3333 Graecum
599 3289 720 3334 nomen
735 3289 802 3334 non
818 3272 961 3334 reddunt
977 3293 986 3335 τ

371 3373 403 3438 1⁰
417 3376 501 3438 Rem
515 3378 761 3455 grammaticam
776 3378 965 3458 significant
980 3398 999 3441 a
1015 3377 1139 3442 Graeois
1155 3377 1299 3442 alienam
1314 3397 1325 3440 t

370 3477 403 3566 a)
423 3481 608 3556 Ablativus,
635 3483 855 3546 deminutivum
878 3480 995 3568 (adm),
1022 3485 1253 3563 deminutivum,
1277 3483 1331 3548 vel
1353 3487 1446 3562 qnasi

325 3588 545 3650 deminutivum
573 3583 707 3673 (vern),
734 3589 1032 3668 frequentativum,
1059 3593 1274 3670 impersonalis
1301 3585 1385 3672 (ger.
1413 3599 1446 3653 et

326 3688 427 3778 sup),
448 3698 633 3774 jurativum,
664 3695 886 3776 meditativum,
910 3699 1069 3776 personale
1094 3692 1211 3782 (adm),
1236 3699 1443 3776 personative,

324 3802 544 3880 superlativum
559 3796 690 3884 (temp.)
702 3821 711 3882 3

353 4013 373 4050 1.
387 4005 458 4062 Apud
469 4007 554 4053 doctos
566 4009 668 4053 tantum.

352 4073 373 4174 t:
387 4067 422 4175 li:

351 4191 474 4247 utam

350 4257 371 4297 5.
388 4252 469 4308 X1,1o.
