3214 5054
695 671 998 747 CONOLUSIO

332 1141 489 1221 Singulas
505 1141 663 1204 hactenus
682 1157 764 1204 meae
787 1141 933 1204 materia
957 1148 1066 1221 partes
1090 1139 1310 1221 perlustrare,
1337 1159 1406 1205 om-

287 1251 407 1330 niaque
427 1247 532 1311 latina
549 1247 719 1324 vocabula,
746 1263 960 1328 quaecumque
979 1246 1021 1308 ad
1041 1246 1287 1324 grammaticam
1307 1249 1406 1329 perti-

286 1364 377 1434 nent,
397 1356 580 1436 disquirere
600 1362 697 1435 atque
713 1354 776 1417 hoc
792 1353 932 1417 considio
949 1352 1136 1433 explanare,
1153 1361 1318 1417 uteorum
1332 1355 1407 1435 quis

286 1463 403 1526 fuisset
423 1479 552 1540 sensus,
570 1480 650 1524 usus
671 1468 703 1524 et
718 1461 811 1540 origo
832 1461 1085 1538 discerneretur,
1104 1479 1202 1541 quam
1222 1460 1416 1538 diligentis·-

287 1569 370 1630 sima
393 1570 484 1649 potui
508 1587 587 1632 oura
607 1575 742 1631 conatus
768 1585 854 1629 sum.
882 1566 1026 1629 Emenso
1046 1566 1116 1646 jam
1136 1567 1318 1645 curriculo,
1343 1585 1407 1648 quo

285 1692 395 1737 rerum
405 1674 556 1736 ordinem
566 1681 710 1753 secutus,
724 1673 854 1736 diversa
863 1671 1098 1736 vocabulorum
1113 1689 1235 1750 genera
1248 1674 1408 1754 permixta

286 1788 318 1844 et
336 1780 523 1843 inordinata
546 1780 714 1856 recensui,
741 1779 958 1860 respiciamus
982 1776 1177 1858 aliquando,
1204 1786 1242 1841 ut
1266 1780 1409 1842 breviter

287 1895 560 1949 commemoretur
584 1885 747 1966 quomodo
772 1886 870 1948 rebus
894 1885 1004 1946 Latini
1027 1885 1162 1947 nomina
1190 1886 1409 1967 imposuerint

288 1993 521 2072 grammaticis,
547 2009 650 2072 eaque
671 1991 818 2070 nomina,
834 1992 962 2054 ratione
988 1991 1117 2052 tandem
1139 1991 1279 2072 quadam
1299 1992 1409 2072 dispo·

289 2099 364 2178 sita,
382 2098 503 2160 iterum
518 2105 765 2160 enumerentur

265 2200 269 2212 '
334 2203 372 2268 Si
394 2203 568 2268 latinitatis
591 2206 698 2285 ipsius
719 2205 882 2267 rationem
905 2204 1073 2282 ducemus,
1091 2205 1155 2266 tria
1174 2202 1410 2268 vocabulorum

289 2331 410 2390 genera
426 2311 642 2375 describenda
656 2320 753 2375 erunt
770 2333 778 2374 ι

335 2418 364 2479 Ι.
380 2417 460 2490 Quae
475 2435 564 2480 mere
579 2437 617 2480 ac
631 2418 729 2500 plane
746 2435 851 2498 graeoa
864 2426 942 2480 sunt
956 2413 1103 2501 (circiter
1116 2413 1210 2499 45)¹;

334 2523 493 2602 11.Quae,
519 2524 588 2603 jam
612 2525 780 2587 communi
804 2541 956 2588 sermone
983 2525 1115 2604 usitata,
1141 2543 1160 2586 a
1187 2524 1411 2602 grammaticis

288 2629 437 2692 adhibita
451 2638 530 2692 sunt
544 2638 576 2692 et
589 2631 742 2720 adoptata
756 2625 799 2713 (o.
817 2626 897 2712 300)
910 2649 919 2709 ς

333 2735 399 2798 III.
422 2734 504 2809 Quae
523 2737 563 2798 ad
587 2737 798 2814 grammatica
819 2735 1063 2799 denominanda
1084 2736 1195 2798 Latini
1216 2745 1411 2800 creaverunt

289 2839 332 2926 (c.
351 2838 443 2926 260).

334 2948 372 3012 Si
391 2968 469 3013 veru
492 2951 612 3032 quibus
634 2969 673 3014 ex
696 2950 887 3013 notionibus
910 2950 1049 3013 deducta
1072 2950 1138 3011 sint
1157 2950 1407 3030 perspiciemer

288 3054 477 3120 videbimus
495 3077 503 3117 ε

334 3157 367 3244 a)
382 3161 461 3224 Alia
474 3181 512 3224 ex
535 3181 636 3225 sensu
658 3181 770 3224 rerum
791 3178 864 3242 quae
886 3161 1130 3224 denominanda
1154 3169 1247 3224 erant
1271 3161 1410 3224 deducta

290 3285 362 3330 esse
377 3263 420 3350 (o.
440 3264 549 3351 240)²,
574 3269 661 3330 inter
682 3284 754 3348 quae
775 3286 954 3348 paucorum
976 3262 1036 3352 (o')
1056 3268 1254 3346 significatio
1277 3276 1410 3330 extensa

288 3382 346 3436 aut
358 3375 509 3438 restricta
523 3383 574 3437 est
588 3370 632 3457 (o.
649 3369 707 3459 25)
717 3370 746 3453 ’ς

334 3477 366 3563 o)
381 3481 458 3543 Alia
472 3500 511 3544 ex
525 3489 643 3544 natura
657 3479 785 3544 rerum⁴
801 3488 857 3543 aut
871 3479 984 3561 aliqua
1001 3481 1214 3558 grammatica
1234 3479 1408 3561 qualitate⁵

290 3586 343 3650 vel
358 3585 439 3650 usu⁰
453 3583 497 3671 (c.
515 3583 617 3671 230);

316 3775 335 3811 1.
351 3767 431 3812 Unum
446 3768 616 3832 semigrecum
623 3769 671 3830 est,
682 3767 809 3830 cronopio.
820 3767 843 3830 Si
855 3778 912 3824 qua,
924 3767 995 3824 quasi
1005 3767 1163 3830 homonyma,
1174 3765 1286 3824 pluribus
1296 3765 1412 3830 sensibus

288 3823 405 3918 ffiffiata
418 3823 484 3876 sunt,
494 3824 610 3878 quotiens
621 3821 714 3875 inveni,
727 3823 816 3866 totiens
826 3831 852 3865 rn
868 3820 1030 3865 numerandis
1045 3819 1174 3865 vocabulis
1188 3831 1274 3865 eorum
1290 3823 1410 3865 rationem

315 3939 335 3978 s.
351 3935 379 3979 Ut
389 3934 496 3985 cteticon.
507 3935 640 3992 optativus,
650 3933 792 3992 temporale,
803 3938 849 3981 etc.

314 4001 336 4041 ³.
352 3997 380 4041 Ut
389 3995 506 4043 muliebre
516 4009 603 4054 genus,
614 3996 801 4054 appdwioum,
811 3995 914 4044 dativus
922 4009 1002 4052 casus,
1011 3999 1058 4044 eto.

314 4065 336 4104 4.
351 4058 379 4103 Ut
389 4059 490 4109 vocatis.
500 4059 628 4117 scriptitas,
638 4063 684 4105 etc.

314 4126 335 4166 5.
351 4120 379 4166 Ut
388 4120 495 4173 cerbole.
505 4121 625 4174 neutrale,
634 4121 802 4180 compositum,
812 4119 925 4179 simplex,
936 4123 983 4167 etc.

315 4189 336 4227 o.
352 4183 380 4227 Ut
394 4185 536 4246 ocnrsatr'oo
551 4184 699 4281 Praepositio,
710 4187 757 4228 etc.
768 4183 877 4237 Qualitas
887 4188 969 4229 autem
980 4186 1004 4230 et
1013 4195 1074 4230 usus
1084 4183 1260 4241 grammaticus
1272 4194 1319 4240 pro
1329 4195 1411 4230 rorum

289 4241 505 4291 grammaticamm
516 4250 549 4282 ne
559 4249 604 4282 ura
612 4237 697 4282 tration
707 4240 818 4294 possunt.
