3124 5050
604 438 827 503 ,67-

159 599 247 643 verse
269 582 380 660 potius
403 581 551 644 dicerent
575 576 981 662 quan1«generalem¹»,
1007 584 1050 646 iis
1075 601 1141 646 non
1165 602 1276 648 assen-

160 688 305 751 tieudmn
320 706 450 769 censeo,
467 689 557 770 quia,
575 691 603 752 si
618 691 882 769 perspexerimus
896 708 961 769 qua
977 693 1104 753 ratione
1118 691 1277 752 voeabula

160 798 368 871 grammatioa
379 795 467 875 apud
479 795 616 858 Latinos
631 795 714 873 fingi
729 795 857 858 soleant
872 803 1015 875 quotque
1031 799 1067 858 in
1082 799 1175 858 -tivus
1191 796 1277 860 desi-

159 907 247 979 nant,
268 925 283 955 e
301 903 492 979 genetivum
510 926 524 956 ι
542 902 687 982 profecto
706 902 875 981 apparebit
893 919 960 964 non
980 900 1071 964 aliud
1091 921 1161 965 esse
1180 922 1277 984 quam

163 1032 177 1062 ι
194 1008 382 1086 generalem
400 1028 429 1088 a,
446 1010 658 1086 grammatica
671 1014 823 1070 ornatum
838 1009 1082 1089 terminatione,
1100 1016 1131 1070 et
1146 1014 1277 1088 proprie

160 1132 196 1177 ox
214 1131 320 1192 graeoo
343 1113 537 1176 translatum
556 1133 639 1192 esse,
663 1117 709 1176 ita
730 1120 766 1176 ut
785 1136 868 1197 γενι-
889 1121 920 1175 et
941 1133 1116 1200 qaue-,up
1132 1117 1277 1176 et-tious

161 1223 244 1284 inter
254 1240 289 1283 se
299 1221 495 1301 planissime
505 1221 736 1300 respondeant.
748 1221 793 1281 At
804 1222 1033 1299 «possessivum
1043 1245 1057 1274 »
1067 1221 1274 1302 vocabulum,

160 1327 245 1408 quod
264 1345 409 1405 graeoum
433 1351 448 1382 «
465 1325 621 1414 >ea-qumis
643 1350 658 1380 ι
683 1327 928 1406 interpretatur,
953 1345 1115 1406 nusquam
1133 1330 1278 1390 inveniri

160 1435 253 1497 eredo
269 1434 337 1496 nisi
347 1434 434 1513 apud
449 1431 689 1497 Prisoia1mm².
703 1432 803 1513 Apud
817 1430 984 1495 Gellium³
1000 1433 1141 1514 denique
1157 1434 1279 1512 dieitur

159 1539 315 1618 Nigidius
336 1541 527 1616 genetivum
550 1555 685 1601 vooasse
708 1539 918 1616 toteeroquudi
937 1555 1054 1602 eurum.
1082 1537 1151 1602 Cur
1169 1548 1279 1602 autem

159 1647 218 1710 hae
231 1645 456 1726 appellatione
470 1664 551 1708 usus
566 1648 620 1725 sit,
637 1661 710 1724 quae
724 1645 765 1706 ab
781 1644 970 1724 Apollinari
991 1644 1154 1728 Sulpicio,
1176 1645 1278 1710 Fron-

158 1753 243 1816 tonis
260 1751 429 1833 Gelliique
445 1751 576 1832 aequali,
589 1758 745 1832 usurpata
760 1768 889 1832 quoque
905 1769 977 1813 esse
991 1751 1150 1831 videtur⁴,
1164 1753 1277 1815 obson-

158 1877 229 1922 rum
245 1867 307 1922 est.

200 1967 325 2028 Eadem
340 1966 456 2045 forma,
475 1951 512 2027 et
528 1967 580 2027 oui
603 1966 702 2027 detur=
718 1964 845 2044 aliquid
867 1971 899 2026 et
920 1967 973 2027 oui
987 1966 1173 2043 mandetur,
1191 1967 1279 2046 apud

162 2070 294 2136 Graeeos
316 2073 439 2152 pariter
460 2090 498 2134 ao
522 2071 657 2133 Latinos
682 2071 934 2133 demonstratur.
957 2071 1040 2133 Inde
1070 2069 1174 2133 Stoioi
1202 2091 1278 2138 eum

161 2195 273 2240 oasum
289 2175 447 2263 δοτικήνῦ,
468 2175 528 2238 alii
547 2177 716 2239 interdum
737 2195 866 2257 quoque
890 2175 1115 2263 ἐπισταλτικήν
1129 2180 1278 2239 nomina-

157 2281 305 2346 verunt⁶.
323 2283 423 2344 Prius
438 2283 573 2363 quidem
591 2281 788 2345 vocabulum
808 2285 844 2344 in
859 2283 954 2342 doadi
967 2299 1073 2343 cesum
1087 2301 1106 2344 a
1120 2280 1277 2361 Nigidio⁷

157 2397 188 2450 et
203 2386 371 2450 Varrone⁸
387 2405 582 2450 conversum
596 2394 645 2450 est
662 2409 668 2448 :
687 2403 759 2467 quae
774 2386 897 2449 looutio
907 2387 1075 2450 varietatis
1087 2405 1183 2450 causa
1192 2388 1278 2468 apud

157 2494 311 2558 Gellium
333 2512 418 2574 saepe
441 2500 489 2556 est
512 2492 663 2556 usitata⁹.
681 2493 746 2556 Pro
767 2512 805 2555 ea
829 2511 905 2556 vero
920 2494 1125 2571 grammatici
1140 2495 1277 2556 dativum

155 2600 188 2685 (a
198 2597 496 2681 dando)finxerunt
506 2606 537 2662 et
547 2619 705 2681 usurpare
717 2597 860 2663 solent¹⁰.
869 2590 1144 2662 commendatiorem
1154 2608 1275 2682 tamen,

155 2726 218 2788 quo
244 2707 381 2769 fidelius
404 2707 544 2784 vestigia
565 2705 755 2768 Graecorum
776 2704 1002 2793 ἐπισταλτικήν
1030 2707 1277 2786 interpretando

154 2819 361 2894 sequeretur,
378 2813 509 2876 videtur
525 2813 686 2875 creavisse
701 2810 936 2874 Priscianus¹¹.

199 2920 269 2994 Qui
279 2938 375 2982 easus
386 2939 457 2986 rem
468 2921 615 2982 effectam
630 2917 824 2999 plerumque
838 2919 973 3000 indicat,
988 2937 1063 2980 eum
1074 2937 1091 2980 e
1102 2939 1133 2982 v.
1149 2943 1163 2972 <‹
1177 2917 1279 2984 αἰτια-

156 3121 375 3130 ——-—-——

180 3250 200 3286 1.
217 3241 254 3287 cf.
266 3239 395 3294 Stemmat,
404 3238 418 3285 l.
429 3252 458 3292 a,
468 3239 486 3294 1,
496 3250 520 3295 p.
530 3245 569 3284 ³02
579 3255 584 3283 ε
594 3255 604 3277 «
613 3238 670 3283 Was
681 3238 721 3284 die
731 3247 794 3293 γινική
805 3237 903 3293 botrillt,
913 3251 941 3283 so
948 3239 980 3284 ist
989 3238 1029 3283 die
1039 3237 1184 3283 lateinische
1194 3237 1281 3284 Ueber·

152 3305 260 3360 sotzung
274 3303 398 3358 penitiores
414 3301 504 3358 gewiss
520 3301 582 3346 eben
598 3311 625 3344 so
640 3299 726 3356 leisch,
737 3301 785 3346 wie
800 3299 841 3345 die
858 3300 902 3346 dor
919 3309 1015 3352 αιτιατική
1030 3299 1056 3344 in
1072 3299 1278 3345 «mouentium».

154 3366 182 3410 st
190 3365 247 3410 Max
263 3364 359 3418 Mulier,
371 3363 397 3408 le
411 3363 508 3409 sciense
522 3361 556 3408 du
570 3362 682 3420 tauqaqe,
693 3361 759 3408 treet.
770 3361 845 3420 tiene
856 3393 862 3415 ‚
872 3374 896 3419 p.
909 3369 962 3407 113:
974 3379 985 3401 α
996 3363 1027 3408 Le
1038 3361 1099 3406 latin
1113 3361 1235 3419 genitivus
1244 3365 1281 3407 est

152 3439 204 3472 une
217 3427 343 3473 veritatis
358 3426 444 3482 hevae,
457 3437 499 3471 ear
508 3425 531 3470 le
545 3427 597 3469 mot
611 3436 669 3482 gree
684 3422 770 3482 gentle
778 3425 816 3468 n’a
829 3425 917 3480 jnmais
927 3436 961 3481 pu
970 3424 1080 3482 signifiat
1093 3424 1251 3481 penitiores...
1260 3423 1279 3470 ll

153 3489 277 3545 signiiiait
291 3499 365 3534 eeeus
380 3485 547 3546 generatinis
562 3498 603 3531 cas
618 3485 725 3543 general,
736 3498 768 3531 ou
778 3484 860 3543 plutdt
869 3486 892 3530 le
902 3497 944 3532 eas
953 3485 997 3543 qui
1012 3485 1121 3542 exprime
1131 3485 1155 3531 la
1164 3497 1239 3542 genre
1248 3499 1279 3531 ou

151 3549 261 3608 l'uspece
273 3567 279 3595 ι
292 3550 348 3595 telle
359 3553 395 3594 est
405 3549 429 3593 la
438 3547 506 3594 loros
515 3547 590 3594 re'elle
600 3547 634 3592 du
645 3547 738 3605 genitis.
751 3565 760 3587 v

180 3624 200 3658 s.
218 3615 245 3658 L.
258 3625 278 3659 e.

178 3683 199 3721 ³.
216 3676 282 3730 XIll,
293 3681 326 3720 eo.

178 3745 201 3784 4.
217 3738 293 3792 Gall,
305 3737 355 3792 XX,
365 3743 385 3782 e.

177 3805 199 3845 5.
215 3799 299 3846 Dioel.
309 3810 348 3855 ap.
359 3799 428 3855 Diog.
438 3798 523 3852 Laert,
533 3796 549 3843 l.
561 3808 579 3842 e.
586 3813 594 3850 ,-
606 3798 674 3842 Dion.
687 3797 740 3842 Thr.
745 3828 751 3852 ‚
761 3808 784 3853 p.
795 3803 831 3840 ei.

178 3869 200 3907 6.
216 3862 293 3908 Dion.
304 3861 368 3916 Thu,
378 3859 439 3906 ibid.

176 3929 199 3970 7.
215 3922 409 3978 Gell.,X111,2o.

177 3992 198 4032 8.
215 3985 282 4034 Xlll,
293 3990 331 4037 353
343 3985 371 4038 X,
382 3991 414 4028 21.
426 3983 462 4030 Gi.
473 3994 548 4040 supra
556 3995 580 4040 p.
591 3987 625 4039 oi,
636 3995 660 4027 n.
673 3987 705 4027 12.

179 4045 410 4100 mmmmm.
714 4093 720 4102 ¹

178 4117 213 4156 1⁰.
232 4109 329 4162 Festus,
343 4118 367 4163 p,
379 4109 429 4162 2823
441 4105 534 4162 Quint,
544 4104 562 4161 Ι,
573 4111 592 4162 4,
603 4111 641 4152 26:
657 4105 717 4151 Plin.
728 4116 768 4162 ap.
779 4103 858 4158 Char„
868 4102 896 4148 K.
908 4102 925 4158 Ι,
935 4113 959 4159 p.
972 4106 1023 4156 1223
1035 4101 1088 4147 Vel.
1099 4103 1183 4160 Long.‚
1193 4103 1221 4148 K.
1232 4103 1281 4159 vn,

153 4185 177 4231 p.
189 4177 229 4228 573
243 4171 340 4224 Seuur,
350 4167 395 4220 id,
405 4178 429 4225 p.
440 4173 474 4211 el.

180 4243 217 4280 11.
229 4234 259 4278 L.
270 4244 290 4278 e.
