<?xml version="1.0" encoding="UTF-8"?>
<!DOCTYPE html PUBLIC "-//W3C//DTD XHTML 1.0 Transitional//EN"
    "http://www.w3.org/TR/xhtml1/DTD/xhtml1-transitional.dtd">
<html xmlns="http://www.w3.org/1999/xhtml" xml:lang="en" lang="en">
 <head>
  <title>
</title>
<meta http-equiv="Content-Type" content="text/html;charset=utf-8" />
  <meta name='ocr-system' content='tesseract 3.04.00' />
  <meta name='ocr-capabilities' content='ocr_page ocr_carea ocr_par ocr_line ocrx_word'/>
</head>
<body>
  <div class='ocr_page' id='page_1' title='image "./degrammaticisvo01jobgoog_0103.png"; bbox 0 0 3214 5054; ppageno 0'>
   <div class='ocr_carea' id='block_1_1' title="bbox 738 405 962 472">
    <p class='ocr_par' dir='ltr' id='par_1_1' title="bbox 738 405 962 472">
     <span class='ocr_line' id='line_1_1' title="bbox 738 405 962 472; baseline -0.018 -16"><span class='ocrx_word' id='word_1_1' title='bbox 738 405 962 472; x_wconf 73' lang='lat' dir='ltr'><strong>..gg-</strong></span> 
     </span>
    </p>
   </div>
   <div class='ocr_carea' id='block_1_2' title="bbox 254 547 1428 2760">
    <p class='ocr_par' dir='ltr' id='par_1_2' title="bbox 290 547 1417 1274">
     <span class='ocr_line' id='line_1_2' title="bbox 291 547 1411 634; baseline -0.008 -18"><span class='ocrx_word' id='word_1_2' title='bbox 291 555 463 618; x_wconf 88' lang='lat' dir='ltr'><strong>nominum</strong></span> <span class='ocrx_word' id='word_1_3' title='bbox 495 553 659 634; x_wconf 86' lang='lat' dir='ltr'><strong>ponebant</strong></span> <span class='ocrx_word' id='word_1_4' title='bbox 687 559 718 614; x_wconf 91' lang='lat' dir='ltr'><strong>et</strong></span> <span class='ocrx_word' id='word_1_5' title='bbox 745 547 956 632; x_wconf 87' lang='lat' dir='ltr'><strong>appellativis‘</strong></span> <span class='ocrx_word' id='word_1_6' title='bbox 986 549 1137 630; x_wconf 82' lang='lat' dir='ltr'>plerique</span> <span class='ocrx_word' id='word_1_7' title='bbox 1165 548 1411 626; x_wconf 85' lang='lat' dir='ltr'><strong>adscribebant,</strong></span> 
     </span>
     <span class='ocr_line' id='line_1_3' title="bbox 290 653 1411 742; baseline -0.005 -20"><span class='ocrx_word' id='word_1_8' title='bbox 290 679 486 742; x_wconf 86' lang='lat' dir='ltr'><strong>quamquem</strong></span> <span class='ocrx_word' id='word_1_9' title='bbox 507 658 815 736; x_wconf 78' lang='lat' dir='ltr'><strong>animadverterant,</strong></span> <span class='ocrx_word' id='word_1_10' title='bbox 834 675 873 720; x_wconf 90' lang='lat' dir='ltr'><strong>ea</strong></span> <span class='ocrx_word' id='word_1_11' title='bbox 886 676 905 719; x_wconf 93' lang='lat' dir='ltr'><strong>a</strong></span> <span class='ocrx_word' id='word_1_12' title='bbox 920 657 1038 720; x_wconf 87' lang='lat' dir='ltr'><strong>ceteris</strong></span> <span class='ocrx_word' id='word_1_13' title='bbox 1058 657 1251 719; x_wconf 84' lang='lat' dir='ltr'><strong>nominihus</strong></span> <span class='ocrx_word' id='word_1_14' title='bbox 1266 653 1411 733; x_wconf 87' lang='lat' dir='ltr'><strong>differre,</strong></span> 
     </span>
     <span class='ocr_line' id='line_1_4' title="bbox 291 760 1415 848; baseline -0.005 -19"><span class='ocrx_word' id='word_1_15' title='bbox 291 783 364 848; x_wconf 84' lang='lat' dir='ltr'><strong>quae</strong></span> <span class='ocrx_word' id='word_1_16' title='bbox 377 768 579 830; x_wconf 74' lang='lat' dir='ltr'><strong>substantiam</strong></span> <span class='ocrx_word' id='word_1_17' title='bbox 594 760 799 844; x_wconf 88' lang='lat' dir='ltr'><strong>significant¹</strong></span> <span class='ocrx_word' id='word_1_18' title='bbox 813 783 920 846; x_wconf 87' lang='lat' dir='ltr'><strong>neque</strong></span> <span class='ocrx_word' id='word_1_19' title='bbox 933 764 1187 844; x_wconf 87' lang='lat' dir='ltr'><strong>comparationis</strong></span> <span class='ocrx_word' id='word_1_20' title='bbox 1200 763 1321 842; x_wconf 89' lang='lat' dir='ltr'><strong>gradus</strong></span> <span class='ocrx_word' id='word_1_21' title='bbox 1331 761 1415 824; x_wconf 88' lang='lat' dir='ltr'><strong>reoi-</strong></span> 
     </span>
     <span class='ocr_line' id='line_1_5' title="bbox 293 866 1415 955; baseline -0.007 -19"><span class='ocrx_word' id='word_1_22' title='bbox 293 869 416 955; x_wconf 75' lang='lat' dir='ltr'><strong>piunt².</strong></span> <span class='ocrx_word' id='word_1_23' title='bbox 435 873 489 935; x_wconf 89' lang='lat' dir='ltr'><strong>An</strong></span> <span class='ocrx_word' id='word_1_24' title='bbox 503 889 580 935; x_wconf 87' lang='lat' dir='ltr'><strong>vero</strong></span> <span class='ocrx_word' id='word_1_25' title='bbox 594 874 631 934; x_wconf 91' lang='lat' dir='ltr'><strong>in</strong></span> <span class='ocrx_word' id='word_1_26' title='bbox 644 889 745 934; x_wconf 90' lang='lat' dir='ltr'><strong>unam</strong></span> <span class='ocrx_word' id='word_1_27' title='bbox 760 872 904 952; x_wconf 89' lang='lat' dir='ltr'><strong>speciem</strong></span> <span class='ocrx_word' id='word_1_28' title='bbox 918 869 1074 932; x_wconf 87' lang='lat' dir='ltr'><strong>adverbia</strong></span> <span class='ocrx_word' id='word_1_29' title='bbox 1088 875 1120 932; x_wconf 90' lang='lat' dir='ltr'><strong>et</strong></span> <span class='ocrx_word' id='word_1_30' title='bbox 1134 868 1298 948; x_wconf 87' lang='lat' dir='ltr'><strong>adjectiva</strong></span> <span class='ocrx_word' id='word_1_31' title='bbox 1309 866 1415 930; x_wconf 86' lang='lat' dir='ltr'><strong>Varro</strong></span> 
     </span>
     <span class='ocr_line' id='line_1_6' title="bbox 293 972 1417 1058; baseline -0.004 -17"><span class='ocrx_word' id='word_1_32' title='bbox 293 980 457 1058; x_wconf 82' lang='lat' dir='ltr'><strong>redegerit</strong></span> <span class='ocrx_word' id='word_1_33' title='bbox 476 986 508 1042; x_wconf 89' lang='lat' dir='ltr'><strong>et</strong></span> <span class='ocrx_word' id='word_1_34' title='bbox 526 997 593 1042; x_wconf 89' lang='lat' dir='ltr'><strong>una</strong></span> <span class='ocrx_word' id='word_1_35' title='bbox 611 977 832 1058; x_wconf 86' lang='lat' dir='ltr'><strong>appellatione</strong></span> <span class='ocrx_word' id='word_1_36' title='bbox 851 984 989 1058; x_wconf 89' lang='lat' dir='ltr'><strong>utraque</strong></span> <span class='ocrx_word' id='word_1_37' title='bbox 1008 977 1251 1038; x_wconf 74' lang='lat' dir='ltr'><strong>admisimdaudi</strong></span> <span class='ocrx_word' id='word_1_38' title='bbox 1268 972 1417 1038; x_wconf 78' lang='lat' dir='ltr'><strong>vocabula</strong></span> 
     </span>
     <span class='ocr_line' id='line_1_7' title="bbox 293 1069 1416 1165; baseline -0.005 -15"><span class='ocrx_word' id='word_1_39' title='bbox 293 1086 525 1165; x_wconf 80' lang='lat' dir='ltr'><strong>nominaverit,</strong></span> <span class='ocrx_word' id='word_1_40' title='bbox 542 1101 581 1147; x_wconf 87' lang='lat' dir='ltr'><strong>ex</strong></span> <span class='ocrx_word' id='word_1_41' title='bbox 600 1084 672 1164; x_wconf 88' lang='lat' dir='ltr'><strong>ejus</strong></span> <span class='ocrx_word' id='word_1_42' title='bbox 691 1082 787 1164; x_wconf 89' lang='lat' dir='ltr'><strong>locis,</strong></span> <span class='ocrx_word' id='word_1_43' title='bbox 805 1101 878 1164; x_wconf 81' lang='lat' dir='ltr'><strong>quae</strong></span> <span class='ocrx_word' id='word_1_44' title='bbox 897 1101 917 1144; x_wconf 92' lang='lat' dir='ltr'><strong>a</strong></span> <span class='ocrx_word' id='word_1_45' title='bbox 936 1069 1130 1146; x_wconf 71' lang='lat' dir='ltr'><strong>Suum-rnen</strong></span> <span class='ocrx_word' id='word_1_46' title='bbox 1149 1083 1339 1161; x_wconf 85' lang='lat' dir='ltr'><strong>laudantur,</strong></span> <span class='ocrx_word' id='word_1_47' title='bbox 1358 1082 1416 1144; x_wconf 90' lang='lat' dir='ltr'><strong>du·</strong></span> 
     </span>
     <span class='ocr_line' id='line_1_8' title="bbox 294 1189 546 1274; baseline -0.012 -18"><span class='ocrx_word' id='word_1_48' title='bbox 294 1195 393 1256; x_wconf 89' lang='lat' dir='ltr'><strong>bitari</strong></span> <span class='ocrx_word' id='word_1_49' title='bbox 407 1199 512 1274; x_wconf 88' lang='lat' dir='ltr'><strong>potest</strong></span> <span class='ocrx_word' id='word_1_50' title='bbox 522 1189 546 1253; x_wconf 79' lang='lat'><strong>⁸.</strong></span> 
     </span>
    </p>

    <p class='ocr_par' dir='ltr' id='par_1_3' title="bbox 254 1298 1428 2760">
     <span class='ocr_line' id='line_1_9' title="bbox 340 1298 1419 1380; baseline -0.003 -18"><span class='ocrx_word' id='word_1_51' title='bbox 340 1299 522 1380; x_wconf 87' lang='lat' dir='ltr'><strong>Adjectivis</strong></span> <span class='ocrx_word' id='word_1_52' title='bbox 536 1305 646 1361; x_wconf 88' lang='lat' dir='ltr'><strong>autem</strong></span> <span class='ocrx_word' id='word_1_53' title='bbox 661 1314 728 1360; x_wconf 92' lang='lat' dir='ltr'><strong>non</strong></span> <span class='ocrx_word' id='word_1_54' title='bbox 743 1315 760 1358; x_wconf 86' lang='lat' dir='ltr'><strong>e</strong></span> <span class='ocrx_word' id='word_1_55' title='bbox 781 1315 841 1360; x_wconf 89' lang='lat' dir='ltr'><strong>sua</strong></span> <span class='ocrx_word' id='word_1_56' title='bbox 854 1305 971 1360; x_wconf 86' lang='lat' dir='ltr'><strong>natura</strong></span> <span class='ocrx_word' id='word_1_57' title='bbox 985 1306 1040 1361; x_wconf 88' lang='lat' dir='ltr'><strong>aut</strong></span> <span class='ocrx_word' id='word_1_58' title='bbox 1061 1316 1161 1360; x_wconf 89' lang='lat' dir='ltr'><strong>sensu</strong></span> <span class='ocrx_word' id='word_1_59' title='bbox 1173 1315 1298 1360; x_wconf 92' lang='lat' dir='ltr'><strong>nomen</strong></span> <span class='ocrx_word' id='word_1_60' title='bbox 1312 1298 1419 1376; x_wconf 90' lang='lat' dir='ltr'><strong>impo-</strong></span> 
     </span>
     <span class='ocr_line' id='line_1_10' title="bbox 297 1404 1420 1488; baseline -0.005 -18"><span class='ocrx_word' id='word_1_61' title='bbox 297 1408 397 1470; x_wconf 87' lang='lat' dir='ltr'><strong>situm</strong></span> <span class='ocrx_word' id='word_1_62' title='bbox 411 1414 471 1488; x_wconf 90' lang='lat' dir='ltr'><strong>est,</strong></span> <span class='ocrx_word' id='word_1_63' title='bbox 489 1407 545 1468; x_wconf 89' lang='lat' dir='ltr'><strong>sed</strong></span> <span class='ocrx_word' id='word_1_64' title='bbox 562 1425 602 1468; x_wconf 87' lang='lat' dir='ltr'><strong>ex</strong></span> <span class='ocrx_word' id='word_1_65' title='bbox 616 1422 653 1467; x_wconf 89' lang='lat' dir='ltr'><strong>eo</strong></span> <span class='ocrx_word' id='word_1_66' title='bbox 669 1404 757 1486; x_wconf 87' lang='lat' dir='ltr'><strong>quod</strong></span> <span class='ocrx_word' id='word_1_67' title='bbox 776 1422 843 1468; x_wconf 91' lang='lat' dir='ltr'><strong>non</strong></span> <span class='ocrx_word' id='word_1_68' title='bbox 858 1423 917 1485; x_wconf 89' lang='lat' dir='ltr'><strong>per</strong></span> <span class='ocrx_word' id='word_1_69' title='bbox 931 1423 965 1468; x_wconf 89' lang='lat' dir='ltr'><strong>se</strong></span> <span class='ocrx_word' id='word_1_70' title='bbox 981 1406 1059 1486; x_wconf 84' lang='lat' dir='ltr'><strong>dici,</strong></span> <span class='ocrx_word' id='word_1_71' title='bbox 1077 1405 1218 1485; x_wconf 90' lang='lat' dir='ltr'><strong>propriis</strong></span> <span class='ocrx_word' id='word_1_72' title='bbox 1232 1422 1350 1466; x_wconf 89' lang='lat' dir='ltr'><strong>verum</strong></span> <span class='ocrx_word' id='word_1_73' title='bbox 1365 1411 1420 1464; x_wconf 92' lang='lat' dir='ltr'><strong>aut</strong></span> 
     </span>
     <span class='ocr_line' id='line_1_11' title="bbox 297 1509 1421 1592; baseline -0.004 -18"><span class='ocrx_word' id='word_1_74' title='bbox 297 1512 505 1592; x_wconf 86' lang='lat' dir='ltr'><strong>appellativis</strong></span> <span class='ocrx_word' id='word_1_75' title='bbox 527 1511 684 1591; x_wconf 88' lang='lat' dir='ltr'><strong>conjungi</strong></span> <span class='ocrx_word' id='word_1_76' title='bbox 709 1511 874 1592; x_wconf 85' lang='lat' dir='ltr'><strong>adjicique</strong></span> <span class='ocrx_word' id='word_1_77' title='bbox 900 1510 1019 1574; x_wconf 90' lang='lat' dir='ltr'><strong>solent.</strong></span> <span class='ocrx_word' id='word_1_78' title='bbox 1045 1509 1128 1573; x_wconf 88' lang='lat' dir='ltr'><strong>Inde</strong></span> <span class='ocrx_word' id='word_1_79' title='bbox 1147 1511 1216 1590; x_wconf 87' lang='lat' dir='ltr'><strong>jam</strong></span> <span class='ocrx_word' id='word_1_80' title='bbox 1236 1511 1277 1571; x_wconf 90' lang='lat' dir='ltr'><strong>ah</strong></span> <span class='ocrx_word' id='word_1_81' title='bbox 1291 1509 1421 1571; x_wconf 88' lang='lat' dir='ltr'><strong>Aristo-</strong></span> 
     </span>
     <span class='ocr_line' id='line_1_12' title="bbox 296 1614 1418 1697; baseline -0.001 -18"><span class='ocrx_word' id='word_1_82' title='bbox 296 1617 361 1680; x_wconf 86' lang='lat' dir='ltr'><strong>tele</strong></span> <span class='ocrx_word' id='word_1_83' title='bbox 376 1614 537 1696; x_wconf 74' lang='lat' dir='ltr'><strong>iuitcra⁴,</strong></span> <span class='ocrx_word' id='word_1_84' title='bbox 554 1618 589 1679; x_wconf 89' lang='lat' dir='ltr'><strong>id</strong></span> <span class='ocrx_word' id='word_1_85' title='bbox 606 1623 655 1679; x_wconf 88' lang='lat' dir='ltr'><strong>est</strong></span> <span class='ocrx_word' id='word_1_86' title='bbox 668 1617 837 1696; x_wconf 83' lang='lat' dir='ltr'><strong>«apposita</strong></span> <span class='ocrx_word' id='word_1_87' title='bbox 850 1641 865 1671; x_wconf 81' lang='lat'><strong>»</strong></span> <span class='ocrx_word' id='word_1_88' title='bbox 883 1617 937 1679; x_wconf 89' lang='lat' dir='ltr'><strong>vel</strong></span> <span class='ocrx_word' id='word_1_89' title='bbox 954 1641 969 1671; x_wconf 71' lang='grc' dir='ltr'><em>α</em></span> <span class='ocrx_word' id='word_1_90' title='bbox 982 1617 1111 1697; x_wconf 87' lang='lat' dir='ltr'><strong>adjecta</strong></span> <span class='ocrx_word' id='word_1_91' title='bbox 1124 1641 1153 1697; x_wconf 71' lang='lat' dir='ltr'><strong>s,</strong></span> <span class='ocrx_word' id='word_1_92' title='bbox 1170 1621 1418 1695; x_wconf 88' lang='lat' dir='ltr'><strong>nuncupantur,</strong></span> 
     </span>
     <span class='ocr_line' id='line_1_13' title="bbox 297 1721 1421 1804; baseline -0.004 -18"><span class='ocrx_word' id='word_1_93' title='bbox 297 1723 386 1804; x_wconf 89' lang='lat' dir='ltr'><strong>qnod</strong></span> <span class='ocrx_word' id='word_1_94' title='bbox 408 1723 605 1786; x_wconf 88' lang='lat' dir='ltr'><strong>vocabulum</strong></span> <span class='ocrx_word' id='word_1_95' title='bbox 626 1742 645 1786; x_wconf 91' lang='lat' dir='ltr'><strong>a</strong></span> <span class='ocrx_word' id='word_1_96' title='bbox 665 1723 828 1802; x_wconf 80' lang='lat' dir='ltr'><strong>Dionysio</strong></span> <span class='ocrx_word' id='word_1_97' title='bbox 854 1721 1002 1786; x_wconf 76' lang='lat' dir='ltr'><strong>Thraoe⁸</strong></span> <span class='ocrx_word' id='word_1_98' title='bbox 1022 1730 1234 1804; x_wconf 89' lang='lat' dir='ltr'><strong>usurpatum,</strong></span> <span class='ocrx_word' id='word_1_99' title='bbox 1257 1729 1421 1784; x_wconf 89' lang='lat' dir='ltr'><strong>mutatum</strong></span> 
     </span>
     <span class='ocr_line' id='line_1_14' title="bbox 299 1826 1420 1909; baseline -0.004 -17"><span class='ocrx_word' id='word_1_100' title='bbox 299 1833 336 1892; x_wconf 92' lang='lat' dir='ltr'><strong>in</strong></span> <span class='ocrx_word' id='word_1_101' title='bbox 364 1826 535 1895; x_wconf 79' lang='grc' dir='ltr'>ἐπιθετικόν</span> <span class='ocrx_word' id='word_1_102' title='bbox 563 1829 650 1909; x_wconf 90' lang='lat' dir='ltr'><strong>apud</strong></span> <span class='ocrx_word' id='word_1_103' title='bbox 678 1828 895 1908; x_wconf 87' lang='lat' dir='ltr'><strong>Apollonium</strong></span> <span class='ocrx_word' id='word_1_104' title='bbox 919 1827 1124 1909; x_wconf 77' lang='lat' dir='ltr'><strong>Dyscolum⁸</strong></span> <span class='ocrx_word' id='word_1_105' title='bbox 1148 1828 1420 1908; x_wconf 86' lang='lat' dir='ltr'><strong>deprehenditur.</strong></span> 
     </span>
     <span class='ocr_line' id='line_1_15' title="bbox 300 1927 1424 2014; baseline -0.001 -17"><span class='ocrx_word' id='word_1_106' title='bbox 300 1936 379 1997; x_wconf 85' lang='lat' dir='ltr'><strong>Haee</strong></span> <span class='ocrx_word' id='word_1_107' title='bbox 402 1935 561 1998; x_wconf 85' lang='lat' dir='ltr'><strong>vocabula</strong></span> <span class='ocrx_word' id='word_1_108' title='bbox 584 1927 654 1998; x_wconf 80' lang='lat' dir='ltr'><strong>eive</strong></span> <span class='ocrx_word' id='word_1_109' title='bbox 678 1936 793 2012; x_wconf 83' lang='lat' dir='ltr'><strong>graecis</strong></span> <span class='ocrx_word' id='word_1_110' title='bbox 818 1937 886 1998; x_wconf 87' lang='lat' dir='ltr'><strong>sive</strong></span> <span class='ocrx_word' id='word_1_111' title='bbox 908 1934 1024 1998; x_wconf 91' lang='lat' dir='ltr'><strong>latinis</strong></span> <span class='ocrx_word' id='word_1_112' title='bbox 1044 1935 1166 1997; x_wconf 88' lang='lat' dir='ltr'><strong>litteris</strong></span> <span class='ocrx_word' id='word_1_113' title='bbox 1188 1935 1311 2014; x_wconf 86' lang='lat' dir='ltr'><strong>scripta</strong></span> <span class='ocrx_word' id='word_1_114' title='bbox 1335 1935 1424 2014; x_wconf 92' lang='lat' dir='ltr'><strong>apud</strong></span> 
     </span>
     <span class='ocr_line' id='line_1_16' title="bbox 301 2039 1424 2121; baseline -0.003 -17"><span class='ocrx_word' id='word_1_115' title='bbox 301 2042 466 2105; x_wconf 87' lang='lat' dir='ltr'><strong>Romanos</strong></span> <span class='ocrx_word' id='word_1_116' title='bbox 481 2041 687 2121; x_wconf 85' lang='lat' dir='ltr'><strong>artigraphos</strong></span> <span class='ocrx_word' id='word_1_117' title='bbox 701 2041 920 2105; x_wconf 90' lang='lat' dir='ltr'><strong>inveniuntur</strong></span> <span class='ocrx_word' id='word_1_118' title='bbox 930 2039 951 2105; x_wconf 77' lang='lat'><strong>⁷.</strong></span> <span class='ocrx_word' id='word_1_119' title='bbox 961 2040 1033 2104; x_wconf 84' lang='lat' dir='ltr'><strong>Sed</strong></span> <span class='ocrx_word' id='word_1_120' title='bbox 1047 2041 1195 2120; x_wconf 88' lang='lat' dir='ltr'><strong>traducta</strong></span> <span class='ocrx_word' id='word_1_121' title='bbox 1205 2059 1336 2121; x_wconf 87' lang='lat' dir='ltr'><strong>quoque</strong></span> <span class='ocrx_word' id='word_1_122' title='bbox 1347 2048 1424 2104; x_wconf 89' lang='lat' dir='ltr'><strong>sunt</strong></span> 
     </span>
     <span class='ocr_line' id='line_1_17' title="bbox 301 2142 1425 2228; baseline 0 -16"><span class='ocrx_word' id='word_1_123' title='bbox 301 2153 337 2212; x_wconf 93' lang='lat' dir='ltr'><strong>in</strong></span> <span class='ocrx_word' id='word_1_124' title='bbox 353 2145 585 2228; x_wconf 77' lang='lat' dir='ltr'><strong>adjuncticum⁸</strong></span> <span class='ocrx_word' id='word_1_125' title='bbox 599 2147 653 2210; x_wconf 91' lang='lat' dir='ltr'><strong>vel</strong></span> <span class='ocrx_word' id='word_1_126' title='bbox 668 2146 884 2226; x_wconf 74' lang='lat' dir='ltr'><strong>adiectionem⁹</strong></span> <span class='ocrx_word' id='word_1_127' title='bbox 898 2149 952 2211; x_wconf 89' lang='lat' dir='ltr'><strong>vel</strong></span> <span class='ocrx_word' id='word_1_128' title='bbox 966 2149 1149 2228; x_wconf 80' lang='lat' dir='ltr'><strong>adjectivum</strong></span> <span class='ocrx_word' id='word_1_129' title='bbox 1159 2142 1193 2210; x_wconf 89' lang='lat'><strong>¹⁰.</strong></span> <span class='ocrx_word' id='word_1_130' title='bbox 1210 2148 1310 2211; x_wconf 89' lang='lat' dir='ltr'><strong>Multi</strong></span> <span class='ocrx_word' id='word_1_131' title='bbox 1330 2149 1425 2212; x_wconf 90' lang='lat' dir='ltr'><strong>deni-</strong></span> 
     </span>
     <span class='ocr_line' id='line_1_18' title="bbox 304 2254 1425 2336; baseline -0.002 -18"><span class='ocrx_word' id='word_1_132' title='bbox 304 2275 367 2336; x_wconf 84' lang='lat' dir='ltr'><strong>que</strong></span> <span class='ocrx_word' id='word_1_133' title='bbox 382 2261 457 2318; x_wconf 89' lang='lat' dir='ltr'><strong>ante</strong></span> <span class='ocrx_word' id='word_1_134' title='bbox 473 2254 683 2316; x_wconf 89' lang='lat' dir='ltr'><strong>Priscianum</strong></span> <span class='ocrx_word' id='word_1_135' title='bbox 702 2254 884 2334; x_wconf 86' lang='lat' dir='ltr'><strong>artigraphi</strong></span> <span class='ocrx_word' id='word_1_136' title='bbox 903 2255 1065 2335; x_wconf 86' lang='lat' dir='ltr'><strong>adjectiva</strong></span> <span class='ocrx_word' id='word_1_137' title='bbox 1079 2262 1236 2336; x_wconf 85' lang='lat' dir='ltr'><strong>praeterea</strong></span> <span class='ocrx_word' id='word_1_138' title='bbox 1254 2257 1360 2316; x_wconf 80' lang='lat' dir='ltr'><strong>media</strong></span> <span class='ocrx_word' id='word_1_139' title='bbox 1370 2274 1425 2333; x_wconf 86' lang='lat' dir='ltr'><strong>po-</strong></span> 
     </span>
     <span class='ocr_line' id='line_1_19' title="bbox 304 2356 1425 2442; baseline -0.001 -18"><span class='ocrx_word' id='word_1_140' title='bbox 304 2365 417 2424; x_wconf 81' lang='lat' dir='ltr'><strong>testatis</strong></span> <span class='ocrx_word' id='word_1_141' title='bbox 432 2363 477 2422; x_wconf 86' lang='lat' dir='ltr'><strong>vet</strong></span> <span class='ocrx_word' id='word_1_142' title='bbox 491 2361 722 2440; x_wconf 70' lang='lat' dir='ltr'><strong>significationes</strong></span> <span class='ocrx_word' id='word_1_143' title='bbox 737 2363 862 2422; x_wconf 80' lang='lat' dir='ltr'><strong>omniuo</strong></span> <span class='ocrx_word' id='word_1_144' title='bbox 875 2369 1068 2442; x_wconf 88' lang='lat' dir='ltr'><strong>nuncupant</strong></span> <span class='ocrx_word' id='word_1_145' title='bbox 1077 2356 1099 2390; x_wconf 88' lang='lat'><strong>¹¹</strong></span> <span class='ocrx_word' id='word_1_146' title='bbox 1113 2382 1120 2423; x_wconf 92' lang='lat'>:</span> <span class='ocrx_word' id='word_1_147' title='bbox 1134 2380 1233 2441; x_wconf 86' lang='lat' dir='ltr'><strong>quam</strong></span> <span class='ocrx_word' id='word_1_148' title='bbox 1244 2362 1425 2425; x_wconf 87' lang='lat' dir='ltr'><strong>dictionem</strong></span> 
     </span>
     <span class='ocr_line' id='line_1_20' title="bbox 254 2464 1427 2547; baseline -0.001 -18"><span class='ocrx_word' id='word_1_149' title='bbox 254 2483 266 2504; x_wconf 88' lang='grc'><em>·</em></span> <span class='ocrx_word' id='word_1_150' title='bbox 304 2467 364 2530; x_wconf 91' lang='lat' dir='ltr'><strong>alii</strong></span> <span class='ocrx_word' id='word_1_151' title='bbox 377 2467 443 2530; x_wconf 92' lang='lat' dir='ltr'><strong>alio</strong></span> <span class='ocrx_word' id='word_1_152' title='bbox 458 2467 556 2530; x_wconf 90' lang='lat' dir='ltr'><strong>modo</strong></span> <span class='ocrx_word' id='word_1_153' title='bbox 572 2464 749 2546; x_wconf 85' lang='lat' dir='ltr'><strong>explicant,</strong></span> <span class='ocrx_word' id='word_1_154' title='bbox 766 2473 810 2547; x_wconf 90' lang='lat' dir='ltr'><strong>et,</strong></span> <span class='ocrx_word' id='word_1_155' title='bbox 823 2467 881 2546; x_wconf 87' lang='lat' dir='ltr'><strong>qui</strong></span> <span class='ocrx_word' id='word_1_156' title='bbox 894 2485 1011 2547; x_wconf 87' lang='lat' dir='ltr'><strong>parum</strong></span> <span class='ocrx_word' id='word_1_157' title='bbox 1025 2467 1261 2547; x_wconf 83' lang='lat' dir='ltr'><strong>intellexerim,</strong></span> <span class='ocrx_word' id='word_1_158' title='bbox 1274 2467 1427 2547; x_wconf 88' lang='lat' dir='ltr'><strong>pluribus</strong></span> 
     </span>
     <span class='ocr_line' id='line_1_21' title="bbox 304 2572 1427 2653; baseline -0.002 -16"><span class='ocrx_word' id='word_1_159' title='bbox 304 2575 412 2638; x_wconf 88' lang='lat' dir='ltr'><strong>verbis</strong></span> <span class='ocrx_word' id='word_1_160' title='bbox 431 2573 600 2636; x_wconf 87' lang='lat' dir='ltr'><strong>illustrare</strong></span> <span class='ocrx_word' id='word_1_161' title='bbox 621 2590 689 2634; x_wconf 90' lang='lat' dir='ltr'><strong>non</strong></span> <span class='ocrx_word' id='word_1_162' title='bbox 712 2573 897 2653; x_wconf 87' lang='lat' dir='ltr'><strong>aggrediar.</strong></span> <span class='ocrx_word' id='word_1_163' title='bbox 921 2572 1136 2636; x_wconf 89' lang='lat' dir='ltr'><strong>Grammatioi</strong></span> <span class='ocrx_word' id='word_1_164' title='bbox 1154 2575 1259 2651; x_wconf 87' lang='lat' dir='ltr'><strong>igitur</strong></span> <span class='ocrx_word' id='word_1_165' title='bbox 1277 2574 1326 2637; x_wconf 94' lang='lat' dir='ltr'><strong>IV</strong></span> <span class='ocrx_word' id='word_1_166' title='bbox 1346 2581 1379 2636; x_wconf 88' lang='lat' dir='ltr'><strong>et</strong></span> <span class='ocrx_word' id='word_1_167' title='bbox 1396 2574 1427 2635; x_wconf 95' lang='lat' dir='ltr'>V</span> 
     </span>
     <span class='ocr_line' id='line_1_22' title="bbox 305 2677 1428 2760; baseline -0.001 -18"><span class='ocrx_word' id='word_1_168' title='bbox 305 2678 418 2743; x_wconf 85' lang='lat' dir='ltr'><strong>saeculi</strong></span> <span class='ocrx_word' id='word_1_169' title='bbox 442 2679 579 2742; x_wconf 91' lang='lat' dir='ltr'><strong>eandem</strong></span> <span class='ocrx_word' id='word_1_170' title='bbox 607 2677 694 2741; x_wconf 89' lang='lat' dir='ltr'><strong>hanc</strong></span> <span class='ocrx_word' id='word_1_171' title='bbox 719 2680 862 2757; x_wconf 86' lang='lat' dir='ltr'><strong>speciem</strong></span> <span class='ocrx_word' id='word_1_172' title='bbox 885 2679 1049 2742; x_wconf 80' lang='lat' dir='ltr'><strong>interdum</strong></span> <span class='ocrx_word' id='word_1_173' title='bbox 1080 2679 1231 2760; x_wconf 87' lang='lat' dir='ltr'><strong>pluribus</strong></span> <span class='ocrx_word' id='word_1_174' title='bbox 1259 2679 1428 2744; x_wconf 88' lang='lat' dir='ltr'><strong>vocabulis</strong></span> 
     </span>
    </p>
   </div>
   <div class='ocr_carea' id='block_1_3' title="bbox 304 2893 1431 4250">
    <p class='ocr_par' dir='ltr' id='par_1_4' title="bbox 304 2893 1429 3260">
     <span class='ocr_line' id='line_1_23' title="bbox 332 2893 1428 2953; baseline 0.003 -14"><span class='ocrx_word' id='word_1_175' title='bbox 332 2902 352 2939; x_wconf 91' lang='lat'><strong>1.</strong></span> <span class='ocrx_word' id='word_1_176' title='bbox 367 2893 450 2949; x_wconf 80' lang='lat' dir='ltr'><strong>Prisc..</strong></span> <span class='ocrx_word' id='word_1_177' title='bbox 463 2895 492 2940; x_wconf 99' lang='grc' dir='ltr'>Κ.</span> <span class='ocrx_word' id='word_1_178' title='bbox 503 2895 532 2950; x_wconf 95' lang='grc' dir='ltr'><strong>ΙΙ,</strong></span> <span class='ocrx_word' id='word_1_179' title='bbox 542 2907 566 2952; x_wconf 89' lang='lat' dir='ltr'><strong>p.</strong></span> <span class='ocrx_word' id='word_1_180' title='bbox 576 2898 615 2950; x_wconf 80' lang='lat'><strong>58;</strong></span> <span class='ocrx_word' id='word_1_181' title='bbox 627 2893 659 2940; x_wconf 73' lang='lat' dir='ltr'><strong>ci,</strong></span> <span class='ocrx_word' id='word_1_182' title='bbox 673 2896 733 2940; x_wconf 83' lang='lat' dir='ltr'><strong>lust.</strong></span> <span class='ocrx_word' id='word_1_183' title='bbox 743 2895 803 2947; x_wconf 78' lang='lat' dir='ltr'><strong>Art,</strong></span> <span class='ocrx_word' id='word_1_184' title='bbox 812 2895 840 2939; x_wconf 90' lang='grc' dir='ltr'>Κ.</span> <span class='ocrx_word' id='word_1_185' title='bbox 851 2893 890 2949; x_wconf 92' lang='lat' dir='ltr'><strong>IV,</strong></span> <span class='ocrx_word' id='word_1_186' title='bbox 900 2907 924 2951; x_wconf 92' lang='lat' dir='ltr'><strong>p.</strong></span> <span class='ocrx_word' id='word_1_187' title='bbox 934 2898 969 2949; x_wconf 77' lang='lat' dir='ltr'><strong>tt,</strong></span> <span class='ocrx_word' id='word_1_188' title='bbox 979 2895 1025 2940; x_wconf 82' lang='lat' dir='ltr'><strong>etc.</strong></span> <span class='ocrx_word' id='word_1_189' title='bbox 1040 2894 1113 2940; x_wconf 79' lang='lat' dir='ltr'><strong>PrIsc.</strong></span> <span class='ocrx_word' id='word_1_190' title='bbox 1129 2895 1165 2947; x_wconf 90' lang='lat' dir='ltr'><strong>(K.</strong></span> <span class='ocrx_word' id='word_1_191' title='bbox 1179 2895 1209 2951; x_wconf 92' lang='lat' dir='ltr'><strong>II,</strong></span> <span class='ocrx_word' id='word_1_192' title='bbox 1219 2908 1235 2953; x_wconf 91' lang='lat' dir='ltr'><strong>p</strong></span> <span class='ocrx_word' id='word_1_193' title='bbox 1252 2899 1287 2940; x_wconf 70' lang='lat' dir='ltr'><strong>Sel</strong></span> <span class='ocrx_word' id='word_1_194' title='bbox 1299 2913 1305 2940; x_wconf 79' lang='lat' dir='ltr'><strong>r</strong></span> <span class='ocrx_word' id='word_1_195' title='bbox 1316 2914 1326 2934; x_wconf 73' lang='grc' dir='ltr'><strong>α</strong></span> <span class='ocrx_word' id='word_1_196' title='bbox 1335 2897 1428 2951; x_wconf 80' lang='lat' dir='ltr'><strong>(Adiec-</strong></span> 
     </span>
     <span class='ocr_line' id='line_1_24' title="bbox 304 2955 1427 3014; baseline 0 -12"><span class='ocrx_word' id='word_1_197' title='bbox 304 2957 364 3012; x_wconf 88' lang='lat' dir='ltr'><strong>tiva)</strong></span> <span class='ocrx_word' id='word_1_198' title='bbox 371 2959 505 3002; x_wconf 87' lang='lat' dir='ltr'><strong>sumuntur</strong></span> <span class='ocrx_word' id='word_1_199' title='bbox 513 2969 541 3002; x_wconf 82' lang='lat' dir='ltr'><strong>ex</strong></span> <span class='ocrx_word' id='word_1_200' title='bbox 550 2956 720 3003; x_wconf 87' lang='lat' dir='ltr'><strong>accidentibus</strong></span> <span class='ocrx_word' id='word_1_201' title='bbox 731 2955 877 3002; x_wconf 76' lang='lat' dir='ltr'><strong>substantiae</strong></span> <span class='ocrx_word' id='word_1_202' title='bbox 888 2956 1026 3002; x_wconf 90' lang='lat' dir='ltr'><strong>nominum.</strong></span> <span class='ocrx_word' id='word_1_203' title='bbox 1034 2973 1043 2994; x_wconf 65' lang='grc' dir='ltr'><strong>υ</strong></span> <span class='ocrx_word' id='word_1_204' title='bbox 1052 2957 1077 3003; x_wconf 90' lang='grc' dir='ltr'>Ρ.</span> <span class='ocrx_word' id='word_1_205' title='bbox 1085 2964 1122 3002; x_wconf 85' lang='lat'><strong>84:</strong></span> <span class='ocrx_word' id='word_1_206' title='bbox 1133 2958 1234 3014; x_wconf 78' lang='lat' dir='ltr'><strong>«Itaque</strong></span> <span class='ocrx_word' id='word_1_207' title='bbox 1244 2957 1367 3004; x_wconf 70' lang='lat' dir='ltr'><strong>adiectus</strong></span> <span class='ocrx_word' id='word_1_208' title='bbox 1375 2959 1427 3004; x_wconf 88' lang='lat' dir='ltr'><strong>iure</strong></span> 
     </span>
     <span class='ocr_line' id='line_1_25' title="bbox 304 3016 1426 3075; baseline -0.001 -10"><span class='ocrx_word' id='word_1_209' title='bbox 304 3019 362 3065; x_wconf 83' lang='lat' dir='ltr'><strong>sunt</strong></span> <span class='ocrx_word' id='word_1_210' title='bbox 376 3017 508 3074; x_wconf 84' lang='lat' dir='ltr'><strong>appellata,</strong></span> <span class='ocrx_word' id='word_1_211' title='bbox 523 3029 579 3075; x_wconf 70' lang='lat' dir='ltr'><strong>quae</strong></span> <span class='ocrx_word' id='word_1_212' title='bbox 594 3017 644 3062; x_wconf 88' lang='lat' dir='ltr'><strong>illis</strong></span> <span class='ocrx_word' id='word_1_213' title='bbox 659 3017 803 3062; x_wconf 88' lang='lat' dir='ltr'><strong>nominibus</strong></span> <span class='ocrx_word' id='word_1_214' title='bbox 818 3029 872 3074; x_wconf 75' lang='lat' dir='ltr'><strong>qum</strong></span> <span class='ocrx_word' id='word_1_215' title='bbox 886 3016 1052 3063; x_wconf 76' lang='lat' dir='ltr'><strong>substantiam</strong></span> <span class='ocrx_word' id='word_1_216' title='bbox 1066 3017 1243 3073; x_wconf 82' lang='lat' dir='ltr'><strong>demonstrant,</strong></span> <span class='ocrx_word' id='word_1_217' title='bbox 1258 3018 1426 3064; x_wconf 81' lang='lat' dir='ltr'><strong>adiciuntur.-</strong></span> 
     </span>
     <span class='ocr_line' id='line_1_26' title="bbox 306 3078 1428 3136; baseline -0.001 -10"><span class='ocrx_word' id='word_1_218' title='bbox 306 3078 446 3126; x_wconf 83' lang='lat' dir='ltr'><strong>Pviscianus</strong></span> <span class='ocrx_word' id='word_1_219' title='bbox 455 3091 514 3136; x_wconf 88' lang='lat' dir='ltr'><strong>ergo</strong></span> <span class='ocrx_word' id='word_1_220' title='bbox 525 3079 598 3136; x_wconf 82' lang='lat' dir='ltr'><strong>plane</strong></span> <span class='ocrx_word' id='word_1_221' title='bbox 613 3078 743 3134; x_wconf 85' lang='lat' dir='ltr'><strong>intellexit,</strong></span> <span class='ocrx_word' id='word_1_222' title='bbox 753 3078 813 3136; x_wconf 87' lang='lat' dir='ltr'><strong>quid</strong></span> <span class='ocrx_word' id='word_1_223' title='bbox 824 3079 855 3123; x_wconf 87' lang='lat' dir='ltr'><strong>sit</strong></span> <span class='ocrx_word' id='word_1_224' title='bbox 864 3078 990 3135; x_wconf 87' lang='lat' dir='ltr'><strong>proprium</strong></span> <span class='ocrx_word' id='word_1_225' title='bbox 1002 3080 1026 3124; x_wconf 85' lang='lat' dir='ltr'><strong>et</strong></span> <span class='ocrx_word' id='word_1_226' title='bbox 1035 3079 1151 3135; x_wconf 79' lang='lat' dir='ltr'><strong>adjectivi</strong></span> <span class='ocrx_word' id='word_1_227' title='bbox 1162 3082 1186 3124; x_wconf 87' lang='lat' dir='ltr'><strong>ot</strong></span> <span class='ocrx_word' id='word_1_228' title='bbox 1197 3080 1366 3126; x_wconf 77' lang='lat' dir='ltr'><strong>«substantivi</strong></span> <span class='ocrx_word' id='word_1_229' title='bbox 1377 3098 1395 3136; x_wconf 69' lang='lat' dir='ltr'><strong>a,</strong></span> <span class='ocrx_word' id='word_1_230' title='bbox 1406 3084 1428 3125; x_wconf 89' lang='lat' dir='ltr'><strong>et</strong></span> 
     </span>
     <span class='ocr_line' id='line_1_27' title="bbox 306 3139 1429 3198; baseline -0.001 -12"><span class='ocrx_word' id='word_1_231' title='bbox 306 3139 435 3198; x_wconf 81' lang='lat' dir='ltr'><strong>utriusque</strong></span> <span class='ocrx_word' id='word_1_232' title='bbox 444 3140 587 3186; x_wconf 83' lang='lat' dir='ltr'><strong>delinitione</strong></span> <span class='ocrx_word' id='word_1_233' title='bbox 598 3139 918 3197; x_wconf 82' lang='lat' dir='ltr'><strong>nomorr,quodesIgna11de</strong></span> <span class='ocrx_word' id='word_1_234' title='bbox 930 3141 987 3184; x_wconf 88' lang='lat' dir='ltr'><strong>sunt</strong></span> <span class='ocrx_word' id='word_1_235' title='bbox 998 3156 1008 3178; x_wconf 78' lang='grc' dir='ltr'>ι</span> <span class='ocrx_word' id='word_1_236' title='bbox 1019 3139 1172 3185; x_wconf 84' lang='lat' dir='ltr'><strong>substantiva</strong></span> <span class='ocrx_word' id='word_1_237' title='bbox 1183 3158 1192 3179; x_wconf 79' lang='grc' dir='ltr'>ι</span> <span class='ocrx_word' id='word_1_238' title='bbox 1205 3144 1228 3185; x_wconf 93' lang='lat' dir='ltr'><strong>et</strong></span> <span class='ocrx_word' id='word_1_239' title='bbox 1238 3141 1303 3198; x_wconf 88' lang='lat' dir='ltr'><strong>apud</strong></span> <span class='ocrx_word' id='word_1_240' title='bbox 1316 3154 1361 3188; x_wconf 90' lang='lat' dir='ltr'><strong>nos</strong></span> <span class='ocrx_word' id='word_1_241' title='bbox 1370 3141 1429 3187; x_wconf 89' lang='lat' dir='ltr'><strong>desi·</strong></span> 
     </span>
     <span class='ocr_line' id='line_1_28' title="bbox 307 3201 842 3260; baseline -0.007 -12"><span class='ocrx_word' id='word_1_242' title='bbox 307 3204 421 3260; x_wconf 79' lang='lat' dir='ltr'><strong>guantur,</strong></span> <span class='ocrx_word' id='word_1_243' title='bbox 431 3202 539 3258; x_wconf 82' lang='lat' dir='ltr'><strong>quodam</strong></span> <span class='ocrx_word' id='word_1_244' title='bbox 549 3201 623 3246; x_wconf 90' lang='lat' dir='ltr'><strong>modo</strong></span> <span class='ocrx_word' id='word_1_245' title='bbox 634 3201 842 3258; x_wconf 78' lang='lat' dir='ltr'><strong>praesIgniticavit.</strong></span> 
     </span>
    </p>

    <p class='ocr_par' dir='ltr' id='par_1_5' title="bbox 334 3262 693 3318">
     <span class='ocr_line' id='line_1_29' title="bbox 334 3262 693 3318; baseline 0 -10"><span class='ocrx_word' id='word_1_246' title='bbox 334 3269 354 3308; x_wconf 86' lang='lat' dir='ltr'><strong>tt.</strong></span> <span class='ocrx_word' id='word_1_247' title='bbox 369 3265 427 3309; x_wconf 80' lang='lat' dir='ltr'><strong>lust.</strong></span> <span class='ocrx_word' id='word_1_248' title='bbox 438 3266 498 3317; x_wconf 80' lang='lat' dir='ltr'><strong>Art,</strong></span> <span class='ocrx_word' id='word_1_249' title='bbox 509 3263 633 3318; x_wconf 81' lang='lat' dir='ltr'><strong>Priscian,</strong></span> <span class='ocrx_word' id='word_1_250' title='bbox 645 3262 661 3309; x_wconf 88' lang='lat' dir='ltr'><strong>t.</strong></span> <span class='ocrx_word' id='word_1_251' title='bbox 674 3276 693 3310; x_wconf 87' lang='lat' dir='ltr'><strong>c.</strong></span> 
     </span>
    </p>

    <p class='ocr_par' dir='ltr' id='par_1_6' title="bbox 307 3324 1430 3504">
     <span class='ocr_line' id='line_1_30' title="bbox 335 3324 1430 3383; baseline 0.003 -12"><span class='ocrx_word' id='word_1_252' title='bbox 335 3332 355 3371; x_wconf 85' lang='lat' dir='ltr'><strong>e.</strong></span> <span class='ocrx_word' id='word_1_253' title='bbox 371 3326 498 3380; x_wconf 81' lang='lat' dir='ltr'><strong>steinthal,</strong></span> <span class='ocrx_word' id='word_1_254' title='bbox 508 3324 524 3371; x_wconf 88' lang='lat' dir='ltr'><strong>t.</strong></span> <span class='ocrx_word' id='word_1_255' title='bbox 534 3336 563 3378; x_wconf 93' lang='lat' dir='ltr'><strong>c.,</strong></span> <span class='ocrx_word' id='word_1_256' title='bbox 572 3325 600 3379; x_wconf 95' lang='grc' dir='ltr'><strong>ΙΙ,</strong></span> <span class='ocrx_word' id='word_1_257' title='bbox 611 3337 635 3382; x_wconf 86' lang='lat' dir='ltr'><strong>p.</strong></span> <span class='ocrx_word' id='word_1_258' title='bbox 646 3330 685 3370; x_wconf 76' lang='lat'><strong>219</strong></span> <span class='ocrx_word' id='word_1_259' title='bbox 695 3337 731 3382; x_wconf 75' lang='lat' dir='ltr'><strong>sq,</strong></span> <span class='ocrx_word' id='word_1_260' title='bbox 743 3325 777 3372; x_wconf 82' lang='lat' dir='ltr'><strong>CI.</strong></span> <span class='ocrx_word' id='word_1_261' title='bbox 785 3325 863 3379; x_wconf 69' lang='lat' dir='ltr'><strong>Vara,</strong></span> <span class='ocrx_word' id='word_1_262' title='bbox 873 3325 934 3379; x_wconf 83' lang='lat' dir='ltr'><strong>VIII,</strong></span> <span class='ocrx_word' id='word_1_263' title='bbox 944 3332 985 3370; x_wconf 75' lang='lat'><strong>44:</strong></span> <span class='ocrx_word' id='word_1_264' title='bbox 998 3341 1007 3362; x_wconf 69' lang='grc' dir='ltr'><strong>α</strong></span> <span class='ocrx_word' id='word_1_265' title='bbox 1018 3324 1231 3381; x_wconf 78' lang='lat' dir='ltr'><strong>Adminiculandi,</strong></span> <span class='ocrx_word' id='word_1_266' title='bbox 1240 3329 1268 3372; x_wconf 92' lang='lat' dir='ltr'><strong>ut</strong></span> <span class='ocrx_word' id='word_1_267' title='bbox 1278 3327 1358 3383; x_wconf 85' lang='lat' dir='ltr'><strong>docte,</strong></span> <span class='ocrx_word' id='word_1_268' title='bbox 1368 3340 1430 3374; x_wconf 90' lang='lat' dir='ltr'><strong>com·</strong></span> 
     </span>
     <span class='ocr_line' id='line_1_31' title="bbox 309 3387 1430 3446; baseline 0.001 -13"><span class='ocrx_word' id='word_1_269' title='bbox 309 3387 381 3433; x_wconf 90' lang='lat' dir='ltr'><strong>mode</strong></span> <span class='ocrx_word' id='word_1_270' title='bbox 384 3420 432 3432; x_wconf 86' lang='grc'>......</span> <span class='ocrx_word' id='word_1_271' title='bbox 443 3387 558 3440; x_wconf 73' lang='lat' dir='ltr'><strong>Quaedam</strong></span> <span class='ocrx_word' id='word_1_272' title='bbox 573 3387 663 3444; x_wconf 88' lang='lat' dir='ltr'><strong>priora,</strong></span> <span class='ocrx_word' id='word_1_273' title='bbox 673 3387 786 3445; x_wconf 80' lang='lat' dir='ltr'><strong>quaedam</strong></span> <span class='ocrx_word' id='word_1_274' title='bbox 802 3387 936 3444; x_wconf 84' lang='lat' dir='ltr'><strong>posterIore</strong></span> <span class='ocrx_word' id='word_1_275' title='bbox 940 3418 988 3431; x_wconf 91' lang='grc'>......</span> <span class='ocrx_word' id='word_1_276' title='bbox 998 3389 1141 3444; x_wconf 85' lang='lat' dir='ltr'><strong>posteriora,</strong></span> <span class='ocrx_word' id='word_1_277' title='bbox 1153 3391 1179 3433; x_wconf 93' lang='lat' dir='ltr'><strong>ut</strong></span> <span class='ocrx_word' id='word_1_278' title='bbox 1195 3389 1291 3444; x_wconf 86' lang='lat' dir='ltr'><strong>doctus,</strong></span> <span class='ocrx_word' id='word_1_279' title='bbox 1301 3390 1386 3446; x_wconf 70' lang='lat' dir='ltr'><strong>decim</strong></span> <span class='ocrx_word' id='word_1_280' title='bbox 1397 3390 1430 3436; x_wconf 87' lang='lat' dir='ltr'><strong>di-</strong></span> 
     </span>
     <span class='ocr_line' id='line_1_32' title="bbox 307 3447 862 3504; baseline -0.007 -8"><span class='ocrx_word' id='word_1_281' title='bbox 307 3450 372 3497; x_wconf 86' lang='lat' dir='ltr'><strong>citur</strong></span> <span class='ocrx_word' id='word_1_282' title='bbox 382 3449 448 3494; x_wconf 90' lang='lat' dir='ltr'><strong>euim</strong></span> <span class='ocrx_word' id='word_1_283' title='bbox 461 3451 535 3494; x_wconf 86' lang='lat' dir='ltr'><strong>homo</strong></span> <span class='ocrx_word' id='word_1_284' title='bbox 545 3448 640 3504; x_wconf 87' lang='lat' dir='ltr'><strong>doctus,</strong></span> <span class='ocrx_word' id='word_1_285' title='bbox 651 3452 678 3494; x_wconf 91' lang='lat' dir='ltr'><strong>ut</strong></span> <span class='ocrx_word' id='word_1_286' title='bbox 687 3449 773 3495; x_wconf 89' lang='lat' dir='ltr'><strong>scrihit</strong></span> <span class='ocrx_word' id='word_1_287' title='bbox 783 3447 862 3494; x_wconf 88' lang='lat' dir='ltr'><strong>docte.</strong></span> 
     </span>
    </p>

    <p class='ocr_par' dir='ltr' id='par_1_7' title="bbox 335 3511 559 3566">
     <span class='ocr_line' id='line_1_33' title="bbox 335 3511 559 3566; baseline -0.004 -10"><span class='ocrx_word' id='word_1_288' title='bbox 335 3519 356 3556; x_wconf 82' lang='lat'><strong>4.</strong></span> <span class='ocrx_word' id='word_1_289' title='bbox 371 3511 475 3564; x_wconf 71' lang='lat' dir='ltr'><strong>Iltctor,</strong></span> <span class='ocrx_word' id='word_1_290' title='bbox 487 3512 527 3566; x_wconf 92' lang='lat' dir='ltr'><strong>III,</strong></span> <span class='ocrx_word' id='word_1_291' title='bbox 539 3517 559 3555; x_wconf 76' lang='lat'><strong>2.</strong></span> 
     </span>
    </p>

    <p class='ocr_par' dir='ltr' id='par_1_8' title="bbox 336 3574 440 3618">
     <span class='ocr_line' id='line_1_34' title="bbox 336 3574 440 3618; baseline -0.01 0"><span class='ocrx_word' id='word_1_292' title='bbox 336 3577 356 3618; x_wconf 80' lang='lat'><strong>5.</strong></span> <span class='ocrx_word' id='word_1_293' title='bbox 372 3574 395 3618; x_wconf 88' lang='lat' dir='ltr'><strong>P.</strong></span> <span class='ocrx_word' id='word_1_294' title='bbox 407 3579 440 3618; x_wconf 76' lang='lat' dir='ltr'><strong>et.</strong></span> 
     </span>
    </p>

    <p class='ocr_par' dir='ltr' id='par_1_9' title="bbox 336 3636 671 3690">
     <span class='ocr_line' id='line_1_35' title="bbox 336 3636 671 3690; baseline -0.003 -9"><span class='ocrx_word' id='word_1_295' title='bbox 336 3642 356 3681; x_wconf 82' lang='grc'>6.</span> <span class='ocrx_word' id='word_1_296' title='bbox 372 3636 406 3681; x_wconf 88' lang='lat' dir='ltr'><strong>De</strong></span> <span class='ocrx_word' id='word_1_297' title='bbox 415 3639 554 3689; x_wconf 80' lang='lat' dir='ltr'><strong>construct,</strong></span> <span class='ocrx_word' id='word_1_298' title='bbox 565 3636 583 3690; x_wconf 93' lang='lat' dir='ltr'><strong>I,</strong></span> <span class='ocrx_word' id='word_1_299' title='bbox 595 3641 628 3690; x_wconf 72' lang='lat'><strong>12,</strong></span> <span class='ocrx_word' id='word_1_300' title='bbox 639 3641 671 3680; x_wconf 83' lang='lat' dir='ltr'><strong>m.</strong></span> 
     </span>
    </p>

    <p class='ocr_par' dir='ltr' id='par_1_10' title="bbox 309 3697 1430 3818">
     <span class='ocr_line' id='line_1_36' title="bbox 336 3697 1430 3760; baseline 0.005 -19"><span class='ocrx_word' id='word_1_301' title='bbox 336 3702 357 3741; x_wconf 83' lang='lat' dir='ltr'><strong>t.</strong></span> <span class='ocrx_word' id='word_1_302' title='bbox 375 3702 476 3750; x_wconf 64' lang='grc' dir='ltr'><strong>Ἐπιθιτα,</strong></span> <span class='ocrx_word' id='word_1_303' title='bbox 488 3698 576 3752; x_wconf 78' lang='lat' dir='ltr'><strong>Ilium,</strong></span> <span class='ocrx_word' id='word_1_304' title='bbox 585 3698 613 3744; x_wconf 92' lang='grc' dir='ltr'>Κ.</span> <span class='ocrx_word' id='word_1_305' title='bbox 625 3699 643 3752; x_wconf 88' lang='grc' dir='ltr'><strong>Ι,</strong></span> <span class='ocrx_word' id='word_1_306' title='bbox 654 3711 677 3754; x_wconf 91' lang='lat' dir='ltr'><strong>p.</strong></span> <span class='ocrx_word' id='word_1_307' title='bbox 689 3703 741 3753; x_wconf 75' lang='lat'><strong>8283</strong></span> <span class='ocrx_word' id='word_1_308' title='bbox 751 3697 852 3752; x_wconf 78' lang='lat' dir='ltr'><strong>Dosith,</strong></span> <span class='ocrx_word' id='word_1_309' title='bbox 862 3697 890 3743; x_wconf 92' lang='grc' dir='ltr'>Κ.</span> <span class='ocrx_word' id='word_1_310' title='bbox 900 3698 951 3752; x_wconf 93' lang='lat' dir='ltr'><strong>VII,</strong></span> <span class='ocrx_word' id='word_1_311' title='bbox 961 3710 985 3755; x_wconf 92' lang='lat' dir='ltr'><strong>p.</strong></span> <span class='ocrx_word' id='word_1_312' title='bbox 996 3704 1051 3754; x_wconf 71' lang='lat'><strong>3913</strong></span> <span class='ocrx_word' id='word_1_313' title='bbox 1066 3704 1170 3748; x_wconf 59' lang='lat' dir='ltr'><strong>tutatae.</strong></span> <span class='ocrx_word' id='word_1_314' title='bbox 1180 3701 1260 3756; x_wconf 70' lang='lat' dir='ltr'><strong>Char,</strong></span> <span class='ocrx_word' id='word_1_315' title='bbox 1276 3701 1304 3747; x_wconf 89' lang='grc' dir='ltr'>Κ.</span> <span class='ocrx_word' id='word_1_316' title='bbox 1318 3704 1337 3756; x_wconf 93' lang='grc' dir='ltr'><strong>Ι,</strong></span> <span class='ocrx_word' id='word_1_317' title='bbox 1348 3715 1370 3760; x_wconf 93' lang='lat' dir='ltr'><strong>p.</strong></span> <span class='ocrx_word' id='word_1_318' title='bbox 1382 3705 1430 3754; x_wconf 79' lang='lat'>155;</span> 
     </span>
     <span class='ocr_line' id='line_1_37' title="bbox 309 3758 1430 3818; baseline -0.001 -12"><span class='ocrx_word' id='word_1_319' title='bbox 309 3760 421 3815; x_wconf 72' lang='lat' dir='ltr'><strong>excerpt.</strong></span> <span class='ocrx_word' id='word_1_320' title='bbox 432 3759 499 3814; x_wconf 83' lang='lat' dir='ltr'><strong>Bab,</strong></span> <span class='ocrx_word' id='word_1_321' title='bbox 515 3758 585 3809; x_wconf 76' lang='lat' dir='ltr'><strong>itta,</strong></span> <span class='ocrx_word' id='word_1_322' title='bbox 595 3773 619 3817; x_wconf 93' lang='lat' dir='ltr'><strong>p.</strong></span> <span class='ocrx_word' id='word_1_323' title='bbox 630 3765 681 3816; x_wconf 70' lang='grc'>536,</span> <span class='ocrx_word' id='word_1_324' title='bbox 693 3760 808 3817; x_wconf 78' lang='lat' dir='ltr'><strong>epitheta,</strong></span> <span class='ocrx_word' id='word_1_325' title='bbox 820 3759 912 3814; x_wconf 75' lang='lat' dir='ltr'><strong>Donet,</strong></span> <span class='ocrx_word' id='word_1_326' title='bbox 924 3760 951 3804; x_wconf 95' lang='grc' dir='ltr'>Κ.</span> <span class='ocrx_word' id='word_1_327' title='bbox 962 3760 1001 3816; x_wconf 91' lang='lat' dir='ltr'><strong>IV,</strong></span> <span class='ocrx_word' id='word_1_328' title='bbox 1011 3773 1034 3817; x_wconf 89' lang='lat' dir='ltr'><strong>p.</strong></span> <span class='ocrx_word' id='word_1_329' title='bbox 1045 3767 1092 3815; x_wconf 75' lang='lat' dir='ltr'><strong>stt,</strong></span> <span class='ocrx_word' id='word_1_330' title='bbox 1102 3761 1204 3818; x_wconf 85' lang='lat' dir='ltr'><strong>ejusque</strong></span> <span class='ocrx_word' id='word_1_331' title='bbox 1220 3767 1430 3809; x_wconf 84' lang='lat' dir='ltr'><strong>commentatores.</strong></span> 
     </span>
    </p>

    <p class='ocr_par' dir='ltr' id='par_1_11' title="bbox 310 3820 1431 3940">
     <span class='ocr_line' id='line_1_38' title="bbox 335 3820 1431 3927; baseline 0.003 -61"><span class='ocrx_word' id='word_1_332' title='bbox 335 3820 450 3927; x_wconf 67' lang='lat' dir='ltr'><strong>&amp;BCaper</strong></span> <span class='ocrx_word' id='word_1_333' title='bbox 462 3833 500 3878; x_wconf 87' lang='lat' dir='ltr'><strong>ap.</strong></span> <span class='ocrx_word' id='word_1_334' title='bbox 511 3823 613 3867; x_wconf 84' lang='lat' dir='ltr'><strong>Roman.</strong></span> <span class='ocrx_word' id='word_1_335' title='bbox 623 3821 734 3888; x_wconf 82' lang='lat' dir='ltr'><strong>(Charis,</strong></span> <span class='ocrx_word' id='word_1_336' title='bbox 745 3822 772 3867; x_wconf 91' lang='grc' dir='ltr'>Κ.</span> <span class='ocrx_word' id='word_1_337' title='bbox 783 3823 801 3877; x_wconf 94' lang='grc' dir='ltr'><strong>Ι,</strong></span> <span class='ocrx_word' id='word_1_338' title='bbox 811 3835 834 3880; x_wconf 93' lang='lat' dir='ltr'><strong>p.</strong></span> <span class='ocrx_word' id='word_1_339' title='bbox 846 3825 906 3877; x_wconf 74' lang='lat' dir='ltr'><strong>let),</strong></span> <span class='ocrx_word' id='word_1_340' title='bbox 923 3822 954 3867; x_wconf 73' lang='lat' dir='ltr'><strong>ci,</strong></span> <span class='ocrx_word' id='word_1_341' title='bbox 966 3821 1076 3878; x_wconf 71' lang='lat' dir='ltr'><strong>Gtedon,</strong></span> <span class='ocrx_word' id='word_1_342' title='bbox 1087 3823 1115 3868; x_wconf 89' lang='grc' dir='ltr'><strong>Κ.</strong></span> <span class='ocrx_word' id='word_1_343' title='bbox 1126 3824 1154 3878; x_wconf 91' lang='lat' dir='ltr'><strong>V,</strong></span> <span class='ocrx_word' id='word_1_344' title='bbox 1166 3836 1188 3880; x_wconf 89' lang='lat' dir='ltr'><strong>p.</strong></span> <span class='ocrx_word' id='word_1_345' title='bbox 1200 3831 1226 3870; x_wconf 79' lang='lat' dir='ltr'><strong>stt</strong></span> <span class='ocrx_word' id='word_1_346' title='bbox 1237 3841 1243 3870; x_wconf 71' lang='grc' dir='ltr'>ι</span> <span class='ocrx_word' id='word_1_347' title='bbox 1254 3825 1298 3872; x_wconf 86' lang='lat' dir='ltr'><strong>sed</strong></span> <span class='ocrx_word' id='word_1_348' title='bbox 1312 3824 1431 3883; x_wconf 81' lang='lat' dir='ltr'><strong>adjectiva</strong></span> 
     </span>
     <span class='ocr_line' id='line_1_39' title="bbox 310 3884 546 3940; baseline -0.004 -11"><span class='ocrx_word' id='word_1_349' title='bbox 310 3895 348 3940; x_wconf 81' lang='lat' dir='ltr'><strong>ap·</strong></span> <span class='ocrx_word' id='word_1_350' title='bbox 377 3884 465 3937; x_wconf 86' lang='lat' dir='ltr'><strong>ertsch,</strong></span> <span class='ocrx_word' id='word_1_351' title='bbox 477 3895 500 3940; x_wconf 91' lang='lat' dir='ltr'><strong>p.</strong></span> <span class='ocrx_word' id='word_1_352' title='bbox 512 3889 546 3929; x_wconf 76' lang='lat' dir='ltr'><strong>tlt.</strong></span> 
     </span>
    </p>

    <p class='ocr_par' dir='ltr' id='par_1_12' title="bbox 337 3944 960 4002">
     <span class='ocr_line' id='line_1_40' title="bbox 337 3944 960 4002; baseline 0 -13"><span class='ocrx_word' id='word_1_353' title='bbox 337 3951 358 3989; x_wconf 83' lang='grc'>9.</span> <span class='ocrx_word' id='word_1_354' title='bbox 374 3944 475 4000; x_wconf 85' lang='lat' dir='ltr'><strong>Charis,</strong></span> <span class='ocrx_word' id='word_1_355' title='bbox 487 3944 604 3998; x_wconf 79' lang='lat' dir='ltr'><strong>hlomed,</strong></span> <span class='ocrx_word' id='word_1_356' title='bbox 616 3945 716 4002; x_wconf 87' lang='lat' dir='ltr'><strong>Excerp.</strong></span> <span class='ocrx_word' id='word_1_357' title='bbox 726 3945 794 4000; x_wconf 77' lang='lat' dir='ltr'><strong>eos,</strong></span> <span class='ocrx_word' id='word_1_358' title='bbox 804 3945 904 4000; x_wconf 75' lang='lat' dir='ltr'><strong>hosith,</strong></span> <span class='ocrx_word' id='word_1_359' title='bbox 914 3944 930 3991; x_wconf 88' lang='lat' dir='ltr'><strong>l.</strong></span> <span class='ocrx_word' id='word_1_360' title='bbox 941 3957 960 3990; x_wconf 92' lang='lat' dir='ltr'><strong>c.</strong></span> 
     </span>
    </p>

    <p class='ocr_par' dir='ltr' id='par_1_13' title="bbox 310 4006 1431 4129">
     <span class='ocr_line' id='line_1_41' title="bbox 338 4006 1431 4068; baseline 0.005 -19"><span class='ocrx_word' id='word_1_361' title='bbox 338 4012 370 4050; x_wconf 78' lang='grc' dir='ltr'>ιι).</span> <span class='ocrx_word' id='word_1_362' title='bbox 380 4006 451 4064; x_wconf 81' lang='lat' dir='ltr'><strong>Apud</strong></span> <span class='ocrx_word' id='word_1_363' title='bbox 462 4007 590 4062; x_wconf 85' lang='lat' dir='ltr'><strong>Donatum,</strong></span> <span class='ocrx_word' id='word_1_364' title='bbox 601 4018 624 4063; x_wconf 88' lang='lat' dir='ltr'><strong>p.</strong></span> <span class='ocrx_word' id='word_1_365' title='bbox 633 4012 680 4061; x_wconf 72' lang='lat'><strong>³14,</strong></span> <span class='ocrx_word' id='word_1_366' title='bbox 689 4007 863 4064; x_wconf 83' lang='lat' dir='ltr'><strong>interpolatum</strong></span> <span class='ocrx_word' id='word_1_367' title='bbox 874 4019 927 4053; x_wconf 83' lang='lat' dir='ltr'><strong>esse</strong></span> <span class='ocrx_word' id='word_1_368' title='bbox 937 4006 1044 4053; x_wconf 85' lang='lat' dir='ltr'><strong>videtur.</strong></span> <span class='ocrx_word' id='word_1_369' title='bbox 1056 4008 1164 4054; x_wconf 87' lang='lat' dir='ltr'><strong>Primum</strong></span> <span class='ocrx_word' id='word_1_370' title='bbox 1175 4021 1234 4066; x_wconf 87' lang='lat' dir='ltr'><strong>ergo</strong></span> <span class='ocrx_word' id='word_1_371' title='bbox 1245 4010 1312 4068; x_wconf 87' lang='lat' dir='ltr'><strong>apud</strong></span> <span class='ocrx_word' id='word_1_372' title='bbox 1322 4010 1431 4057; x_wconf 86' lang='lat' dir='ltr'><strong>Servium</strong></span> 
     </span>
     <span class='ocr_line' id='line_1_42' title="bbox 310 4069 1303 4129; baseline 0.004 -15"><span class='ocrx_word' id='word_1_373' title='bbox 310 4069 347 4123; x_wconf 90' lang='grc' dir='ltr'><strong>(Κ.</strong></span> <span class='ocrx_word' id='word_1_374' title='bbox 357 4069 396 4123; x_wconf 92' lang='lat' dir='ltr'><strong>IV,</strong></span> <span class='ocrx_word' id='word_1_375' title='bbox 406 4082 430 4126; x_wconf 89' lang='lat' dir='ltr'><strong>p.</strong></span> <span class='ocrx_word' id='word_1_376' title='bbox 440 4072 489 4124; x_wconf 75' lang='lat'>430)</span> <span class='ocrx_word' id='word_1_377' title='bbox 500 4072 524 4114; x_wconf 88' lang='lat' dir='ltr'><strong>et</strong></span> <span class='ocrx_word' id='word_1_378' title='bbox 533 4069 598 4126; x_wconf 82' lang='lat' dir='ltr'><strong>apud</strong></span> <span class='ocrx_word' id='word_1_379' title='bbox 610 4073 822 4125; x_wconf 77' lang='lat' dir='ltr'><strong>commentatores,</strong></span> <span class='ocrx_word' id='word_1_380' title='bbox 834 4071 877 4128; x_wconf 85' lang='lat' dir='ltr'><strong>qul</strong></span> <span class='ocrx_word' id='word_1_381' title='bbox 888 4070 919 4116; x_wconf 82' lang='lat' dir='ltr'><strong>eh</strong></span> <span class='ocrx_word' id='word_1_382' title='bbox 929 4082 958 4116; x_wconf 91' lang='lat' dir='ltr'><strong>co</strong></span> <span class='ocrx_word' id='word_1_383' title='bbox 969 4071 1086 4128; x_wconf 88' lang='lat' dir='ltr'><strong>pendent,</strong></span> <span class='ocrx_word' id='word_1_384' title='bbox 1097 4071 1303 4129; x_wconf 87' lang='lat' dir='ltr'><strong>deprehenditur.-</strong></span> 
     </span>
    </p>

    <p class='ocr_par' dir='ltr' id='par_1_14' title="bbox 314 4131 1431 4250">
     <span class='ocr_line' id='line_1_43' title="bbox 340 4131 1431 4193; baseline 0.005 -19"><span class='ocrx_word' id='word_1_385' title='bbox 340 4137 373 4174; x_wconf 90' lang='lat'><strong>11.</strong></span> <span class='ocrx_word' id='word_1_386' title='bbox 388 4131 489 4185; x_wconf 83' lang='lat' dir='ltr'><strong>Charis,</strong></span> <span class='ocrx_word' id='word_1_387' title='bbox 499 4131 527 4176; x_wconf 92' lang='grc' dir='ltr'><strong>Κ.</strong></span> <span class='ocrx_word' id='word_1_388' title='bbox 539 4132 556 4186; x_wconf 91' lang='grc' dir='ltr'><strong>Ι,</strong></span> <span class='ocrx_word' id='word_1_389' title='bbox 567 4143 590 4187; x_wconf 90' lang='lat' dir='ltr'><strong>p.</strong></span> <span class='ocrx_word' id='word_1_390' title='bbox 602 4135 654 4187; x_wconf 82' lang='lat'><strong>1563</strong></span> <span class='ocrx_word' id='word_1_391' title='bbox 665 4131 784 4186; x_wconf 77' lang='lat' dir='ltr'><strong>hicmed,</strong></span> <span class='ocrx_word' id='word_1_392' title='bbox 794 4131 809 4177; x_wconf 90' lang='grc' dir='ltr'><strong>Ι.</strong></span> <span class='ocrx_word' id='word_1_393' title='bbox 820 4144 851 4186; x_wconf 92' lang='lat' dir='ltr'><strong>c.,·</strong></span> <span class='ocrx_word' id='word_1_394' title='bbox 863 4133 975 4190; x_wconf 86' lang='lat' dir='ltr'><strong>Excerpt.</strong></span> <span class='ocrx_word' id='word_1_395' title='bbox 985 4132 1052 4188; x_wconf 78' lang='lat' dir='ltr'><strong>eoo,</strong></span> <span class='ocrx_word' id='word_1_396' title='bbox 1062 4131 1077 4178; x_wconf 86' lang='lat' dir='ltr'><strong>l.</strong></span> <span class='ocrx_word' id='word_1_397' title='bbox 1089 4145 1107 4179; x_wconf 87' lang='lat' dir='ltr'><strong>c.</strong></span> <span class='ocrx_word' id='word_1_398' title='bbox 1114 4149 1122 4187; x_wconf 76' lang='lat'><strong>,-</strong></span> <span class='ocrx_word' id='word_1_399' title='bbox 1135 4133 1233 4188; x_wconf 78' lang='lat' dir='ltr'><strong>Dosith,</strong></span> <span class='ocrx_word' id='word_1_400' title='bbox 1243 4133 1272 4179; x_wconf 92' lang='grc' dir='ltr'><strong>Κ.</strong></span> <span class='ocrx_word' id='word_1_401' title='bbox 1282 4135 1334 4191; x_wconf 92' lang='lat' dir='ltr'><strong>VII,</strong></span> <span class='ocrx_word' id='word_1_402' title='bbox 1345 4146 1370 4193; x_wconf 90' lang='lat' dir='ltr'><strong>p.</strong></span> <span class='ocrx_word' id='word_1_403' title='bbox 1380 4139 1431 4190; x_wconf 72' lang='lat'><strong>³98,</strong></span> 
     </span>
     <span class='ocr_line' id='line_1_44' title="bbox 314 4193 604 4250; baseline -0.003 -12"><span class='ocrx_word' id='word_1_404' title='bbox 314 4193 436 4250; x_wconf 68' lang='lat' dir='ltr'><strong>Conseri,</strong></span> <span class='ocrx_word' id='word_1_405' title='bbox 446 4194 474 4239; x_wconf 84' lang='lat' dir='ltr'><strong>II.</strong></span> <span class='ocrx_word' id='word_1_406' title='bbox 483 4193 512 4248; x_wconf 92' lang='lat' dir='ltr'><strong>V,</strong></span> <span class='ocrx_word' id='word_1_407' title='bbox 523 4205 546 4248; x_wconf 84' lang='lat' dir='ltr'><strong>p.</strong></span> <span class='ocrx_word' id='word_1_408' title='bbox 557 4199 604 4238; x_wconf 78' lang='lat' dir='ltr'><strong>tto.</strong></span> 
     </span>
    </p>
   </div>
   <div class='ocr_carea' id='block_1_4' title="bbox 0 0 1635 5054">
    <p class='ocr_par' dir='ltr' id='par_1_15' title="bbox 0 0 1635 5054">
     <span class='ocr_line' id='line_1_45' title="bbox 0 0 1635 5054; baseline 0 0"><span class='ocrx_word' id='word_1_409' title='bbox 0 0 1635 5054; x_wconf 95' lang='lat' dir='ltr'><strong> </strong></span> 
     </span>
    </p>
   </div>
  </div>
 </body>
</html>
