3124 5050
645 471 845 534 ...3.-

183 622 328 696 crepant,
352 620 399 692 ut,
425 615 589 694 quomodo
612 615 768 704 pleraque
789 617 830 678 ab
844 615 898 678 bis
921 622 1088 696 assumpta
1102 616 1181 698 sint,
1198 616 1304 680 multo

184 719 296 783 labore
312 726 342 782 et
357 720 472 783 multis
488 723 598 783 verbis
613 721 974 784 sit-demonstrandum.

230 827 328 890 Nune
342 829 500 914 paneade
516 829 621 890 forma
634 832 742 908 operis
758 836 788 890 et
803 847 913 890 rernm
933 829 1151 908 dispositione
1167 829 1306 892 dicenda

184 941 273 996 sunt.
286 933 456 996 Vocabnla
464 940 611 1014 poteram
622 953 814 996 enumerare
826 941 856 996 et
867 936 904 996 in
919 935 1049 997 diversa
1061 952 1182 1012 genera
1196 936 1305 998 distri·
1322 921 1323 924 ¹

182 1042 295 1121 bnere,
312 1047 349 1102 nt
368 1057 505 1121 quaeque
526 1060 625 1103 sensu
644 1050 700 1104 aut
719 1043 848 1119 origine
864 1059 1036 1104 commune
1051 1043 1228 1122 quiequam
1248 1042 1305 1104 ba-

182 1150 272 1210 bent.
291 1148 357 1210 Sed
370 1148 461 1210 nuda
474 1148 544 1210 haee
556 1151 590 1210 'et
606 1147 703 1210 exilis
717 1151 982 1211 commemoratio
997 1167 1072 1210 mox
1086 1148 1219 1211 fastidio
1234 1149 1305 1211 fore

182 1257 254 1316 visa
272 1261 332 1316 est.
349 1253 396 1315 Ea
417 1255 544 1316 ratione
564 1262 732 1336 praeterea,
754 1271 827 1334 quae
846 1255 888 1316 ad
909 1253 1143 1334 etymologiam
1162 1258 1304 1317 attinent

183 1368 215 1423 et
229 1361 462 1424 vocabulorum
481 1363 568 1422 inter
583 1381 617 1423 se
632 1363 819 1442 affinitates,
838 1360 975 1424 clariore
990 1362 1125 1441 quidem
1140 1370 1305 1442 tamqnam

183 1467 256 1531 luce
275 1467 473 1549 illuminari,
490 1478 563 1547 quae
582 1468 622 1528 ad
643 1487 777 1530 sensum
796 1475 905 1530 autem
920 1475 951 1530 et
970 1487 1079 1549 usum,
1096 1469 1164 1530 nisi
1184 1470 1304 1548 saepins

184 1574 298 1636 eadem
318 1582 501 1654 repeterem
523 1581 553 1636 et
578 1577 743 1656 iterarem,
767 1593 835 1637 non
857 1557 1034 1636 enucleari
1046 1593 1140 1654 posse
1164 1576 1303 1638 credidi.

182 1681 307 1743 Rerum
326 1698 402 1758 ergo
424 1679 559 1742 solitum
578 1681 729 1743 ordinem
749 1683 1034 1760 grammaticarum
1056 1689 1166 1744 tenere
1185 1681 1302 1761 malui,

182 1790 265 1849 etin
281 1787 424 1865 singulis
439 1789 586 1866 partibus
600 1789 711 1849 onmia
721 1787 885 1850 uocabula
900 1788 1084 1868 disquirere
1099 1805 1171 1867 quae
1186 1789 1307 1850 usitata

182 1897 260 1955 sint.
280 1893 337 1956 Sic
351 1911 421 1955 rem
436 1911 599 1974 quamque
620 1913 679 1957 suo
700 1895 816 1956 ordine
832 1893 1025 1972 explicando
1046 1893 1182 1974 ejusque
1201 1894 1304 1957 histo-

181 2001 276 2080 riam,
294 2006 454 2079 quatenus
478 2018 560 2079 opus
586 2007 665 2078 erat,
688 1999 861 2081 narrando,
888 2000 1051 2062 dictiones
1074 1999 1155 2080 quid
1175 2001 1303 2078 signifi-

182 2109 299 2187 carint,
323 2107 412 2169 unde
432 2113 510 2168 ortae
526 2113 597 2168 eta
612 2107 733 2186 quibus
747 2114 912 2185 usurpatae
929 2108 1006 2186 sint,
1024 2125 1091 2168 nna
1105 2107 1300 2168 ostenditur.
1347 2157 1350 2164 ,

182 2210 252 2274 Nee
268 2229 389 2274 severae
405 2212 498 2275 illius
516 2231 587 2274 esse
607 2213 698 2293 fidei,
716 2230 789 2292 qnae
807 2220 920 2274 nostra
934 2212 1042 2274 studia
1057 2213 1159 2292 decet,
1178 2215 1302 2292 putavi,

183 2337 295 2380 earum
315 2325 443 2381 tautum
462 2322 665 2382 mentionem
687 2319 794 2382 iacere
813 2337 885 2398 quae
906 2336 1058 2396 magnam
1078 2322 1305 2380 auctoritatem

183 2426 368 2488 obtinuere.
391 2425 557 2489 Plurimae
579 2427 677 2488 etiam
697 2427 836 2489 minoris
855 2426 1015 2487 momenti
1032 2431 1061 2486 et
1075 2427 1210 2488 rrrioris
1225 2445 1305 2488 usus

182 2533 346 2613 recensui,
371 2533 446 2595 ideo
468 2551 535 2595 non
557 2532 780 2610 neglegendas
801 2533 987 2612 arbitratus,
1014 2533 1101 2612 quod
1122 2531 1254 2595 facilins
1274 2541 1305 2595 et

183 2637 335 2718 pluribus
351 2639 511 2718 exemplis
530 2658 589 2719 per
611 2657 665 2701 eas
687 2646 831 2720 apparet,
853 2657 917 2718 qua
938 2641 1065 2701 ratione
1087 2639 1140 2702 sni
1152 2639 1239 2718 Juris
1253 2658 1305 2702 res

183 2745 385 2807 nominarint
400 2747 617 2823 grammatici.
1228 2730 1231 2734 ’

228 2851 299 2914 Hoc
319 2853 462 2933 denique
481 2853 752 2933 praemonendum
772 2860 833 2934 est,
850 2854 1010 2932 quiequid
1026 2854 1065 2915 de
1082 2871 1181 2915 sensu
1196 2858 1227 2914 et
1241 2871 1305 2915 usu

184 2957 360 3020 dicendum
381 2978 451 3022 esse
472 2960 703 3041 judicaverim,
728 2960 766 3021 in
788 2977 922 3038 corpore
944 2960 1017 3038 ipso
1037 2959 1147 3039 operis
1166 2959 1301 3038 exponi,

182 3062 382 3127 multavere
401 3066 523 3145 quibus
543 3065 750 3147 ostendatur,
774 3065 868 3145 enjus
888 3065 1020 3142 generis
1042 3066 1109 3126 sint
1129 3063 1300 3145 voeabula,

183 3169 328 3233 latiuane
351 3189 394 3232 an
416 3189 536 3252 graeea,
564 3175 794 3235 eommuniane
818 3191 861 3233 an
883 3172 1112 3252 grammatica,
1139 3171 1302 3251 quomodo

182 3279 331 3360 formata,
348 3281 386 3341 in
399 3299 480 3360 quas
495 3287 526 3343 et
540 3289 619 3361 quot
636 3283 762 3360 species
778 3298 836 3360 pro
849 3279 977 3357 origine
994 3299 1052 3342 sua
1062 3278 1253 3360 dividenda,
1266 3279 1303 3340 iu

183 3384 430 3449 conclusionem
444 3388 618 3449 reservari.

228 3492 319 3554 Libri
343 3500 506 3572 postremo
531 3499 776 3574 enumerentur,
804 3511 821 3554 e
845 3493 965 3572 quibus
989 3493 1147 3554 maximas
1170 3493 1303 3574 percepi

181 3595 362 3660 utilitates¹
381 3620 388 3660 :

221 3789 387 3847 Arouuonn
404 3791 532 3848 Drscorr
547 3810 612 3863 qnae
629 3797 795 3862 supersunt,
813 3793 825 3845 I
840 3787 910 3868 (Ed.
927 3791 1097 3860 Schneider,
1116 3787 1215 3867 1818).

218 3889 248 3948 J.
267 3889 411 3958 Crassus,
431 3891 473 3944 Dc
486 3890 675 3961 qrammntt'eae
688 3907 786 3960 qraeeae
800 3889 965 3958 primordiis
980 3885 1099 3965 (1829).

217 3987 359 4042 Dronrsn
375 3986 507 4042 Tuuacrs
522 3987 577 4040 Are
589 3987 774 4058 qrammatt'eu
790 3985 858 4061 (Ed.
875 3987 914 4044 G.
932 3985 1034 4057 Ublig,
1054 3984 1156 4061 1883).

179 4121 396 4136 ---ι-Ἁ

201 4213 221 4251 1.
236 4207 264 4252 111
279 4206 327 4250 hec
342 4202 530 4248 enumeratione
546 4200 622 4246 libros
633 4201 727 4256 omitte,
738 4211 801 4258 quos
810 4199 890 4245 rarius
900 4198 1030 4256 usurpavi,
1041 4198 1072 4244 es.
1085 4199 1218 4256 presertim
1234 4199 1303 4244 notas

174 4267 250 4328 primi
260 4266 353 4325 eapitis
363 4263 461 4322 paginis
470 4263 628 4320 subscriptas.
