3124 5050
552 473 774 536 ..11-

95 635 157 696 pro
177 617 295 696 regula
311 617 526 698 respicerent,
544 616 694 697 exempla
708 617 865 696 colligere
881 635 917 681 ac
933 619 1123 701 depromere
1142 626 1222 684 satis

97 723 282 803 habebant3
303 729 347 805 et,
370 725 399 785 si
420 724 503 786 lorte
525 727 561 784 in
583 726 812 801 grammaticas
834 729 1033 805 quaestiones
1055 728 1219 789 interdum

96 830 297 911 inciderent,
316 847 380 891 non
397 831 472 892 ideo
486 831 601 893 induci
616 838 813 910 poterantut
827 832 905 894 inde
916 850 1033 912 corpus
1044 833 1218 913 quoddam,

97 953 210 999 veram
245 936 458 1017 disciplinam
495 935 733 1018 scientiamque
772 939 950 1001 efficerent.
991 939 1222 1003 Aristarcheos

97 1051 224 1124 contra,
247 1062 323 1107 eum
342 1047 589 1121 grammaticam
607 1062 666 1124 per
686 1063 721 1106 se
742 1047 847 1125 ipsam
868 1051 1045 1108 tractarent
1060 1054 1092 1108 et
1113 1047 1223 1108 omnia

97 1150 138 1211 ad
152 1152 317 1213 rationem
326 1149 542 1231 appellarent,
561 1151 693 1230 penitus
707 1149 857 1228 linguam
868 1153 1052 1233 observare,
1065 1151 1223 1215 vocabula

97 1260 186 1320 iuter
201 1275 237 1318 se
254 1274 450 1337 componere
466 1264 499 1320 et
517 1261 553 1319 in
568 1258 700 1321 diversa
719 1275 842 1335 genera
855 1259 1052 1322 distribuere
1071 1266 1107 1320 ut
1127 1277 1222 1337 regu-

97 1362 146 1426 las
161 1370 194 1425 et
210 1370 375 1443 praecepta
388 1370 559 1445 ponerent,
577 1369 822 1441 grammaticam
838 1365 979 1446 denique
991 1366 1032 1428 ad
1046 1366 1222 1446 perfectam

97 1470 265 1549 quandam
283 1477 387 1532 artem
407 1469 546 1533 evehere
566 1489 700 1532 necesse
722 1469 822 1533 erat¹.
845 1471 960 1552 ltaque
982 1473 1069 1552 apud
1091 1472 1221 1533 Graecos

100 1601 114 1630 ι
133 1577 288 1638 technica
306 1601 321 1632 s
345 1580 564 1654 grammatica
585 1577 716 1658 lingua,
734 1595 809 1640 cum
830 1578 1041 1658 philosophis
1059 1587 1146 1659 nata,
1163 1597 1223 1658 per

100 1682 231 1746 Stoicos
246 1683 369 1764 adulta,
386 1684 428 1744 ab
442 1682 678 1746 Alexandrinis
693 1685 826 1747 demum
841 1694 1067 1748 consummata
1082 1689 1175 1766 quasi
1191 1695 1224 1747 et

97 1789 250 1852 absoluta
264 1797 324 1852 est.
343 1789 529 1852 Peculiaris
545 1793 635 1852 euim
650 1792 810 1871 cujusque
829 1793 909 1853 artis
925 1800 981 1854 aut
996 1796 1142 1855 scientiae
1157 1790 1223 1853 lin-

98 1914 162 1973 gua
180 1897 297 1960 cadem
316 1897 461 1978 fortuna,
483 1916 548 1977 qua
561 1894 639 1978 'ipsa
660 1917 712 1960 ars
732 1905 789 1960 ant
809 1899 958 1976 scientia,
975 1903 1026 1960 uti
1048 1898 1142 1978 solet,
1161 1917 1223 1962 nec

99 2004 164 2065 nisi
180 2021 294 2066 earnm
310 2005 426 2083 opibus
442 2011 474 2066 et
489 2007 702 2066 incrementis
718 2005 849 2068 ditescit
864 2012 895 2067 et
910 2007 1129 2086 progreditur,
1148 2023 1222 2068 cnm

99 2128 137 2171 ea
151 2116 281 2171 tautum
296 2112 429 2190 proprio
450 2113 584 2172 nomine
599 2122 769 2192 ornentur,
789 2128 861 2191 quae
880 2109 978 2191 plane
996 2118 1174 2175 noscantur
1191 2120 1222 2173 et

99 2216 313 2281 definiantur.

145 2322 218 2396 Quo
233 2332 381 2401 tempore
397 2324 483 2403 apud
494 2324 659 2386 Romanos
669 2323 875 2388 Aristarchei
888 2325 1033 2403 primum
1044 2324 1219 2404 valuerint,

100 2429 236 2490 decerni
257 2446 326 2491 nou
345 2437 463 2510 potest.
481 2430 554 2492 Hoc
574 2430 688 2492 saltem
705 2437 830 2494 certum
852 2449 922 2494 esse
938 2430 1080 2512 videtur,
1099 2431 1225 2510 Diony-

101 2535 188 2596 sium
217 2535 392 2617 Thracem,
424 2536 610 2599 Aristarchi
639 2537 854 2619 discipulum,
886 2537 944 2617 qui
972 2540 1099 2616 primus
1123 2544 1224 2599 artem

102 2642 347 2718 grammaticam
363 2642 478 2723 edidit,
493 2662 557 2725 qua
570 2667 584 2696 ι
599 2643 745 2705 technici
760 2644 894 2705 termini
908 2666 923 2696 a
937 2643 1108 2706 enucleate
1123 2644 1224 2723 expli-

102 2755 255 2810 carentur
279 2755 311 2810 et
334 2750 370 2810 in
393 2767 496 2811 unum
519 2748 683 2828 quoddam
705 2765 822 2829 corpus
844 2749 1084 2828 redigerentur,
1112 2750 1224 2812 Romae

104 2855 213 2931 Magni
228 2854 382 2935 Pompeii
396 2863 489 2918 aetate
506 2873 624 2934 pueros
640 2875 734 2918 suam
749 2856 933 2918 doctrinam
953 2856 1103 2918 docuisse
1114 2853 1137 2917 ².
1156 2855 1225 2918 Nec

104 2960 244 3022 dubitari
269 2968 393 3042 potest,
421 2964 501 3042 quin
526 2960 682 3042 Dionysii
708 2962 887 3042 disciplina
910 2981 985 3025 cum
1008 2962 1069 3024 illo
1095 2962 1221 3042 libello,

102 3051 199 3144 quem
215 3075 382 3132 servatum
396 3069 567 3149 habemuS,
585 3071 720 3131 omnino
736 3077 957 3133 consentanea
975 3066 1109 3131 fuerit³.
1126 3067 1224 3131 Pom-

105 3174 170 3252 peii
185 3191 263 3251 ergo
279 3182 425 3255 tempore
440 3174 572 3236 demum
587 3176 731 3255 perlecta
740 3175 889 3254 quaedam
900 3175 936 3236 iu
950 3176 1048 3236 rebus
1064 3193 1224 3254 gramma-

104 3281 177 3342 ticis
193 3279 383 3344 Graecorum
398 3281 514 3360 lingua
532 3282 671 3344 Romam
686 3301 761 3345 vere
782 3282 970 3344 introducta
984 3288 1046 3342 est.
1064 3282 1173 3360 Atque
1188 3285 1224 3342 iu

105 3385 166 3449 hoc
184 3405 258 3450 meo
277 3381 393 3450 libello
413 3407 452 3450 ea
470 3389 538 3450 iere
553 3407 619 3451 una
634 3391 771 3467 quaestio
786 3408 821 3451 re
839 3390 911 3468 ipsa
925 3387 1126 3467 tractabitur,
1144 3405 1224 3466 quo·

132 3586 151 3626 1.
166 3581 198 3626 lte
208 3582 413 3628 contentionibus
428 3583 491 3628 inter
501 3584 625 3629 Crateteos
635 3586 659 3628 et
673 3583 843 3630 Aristarcheos
853 3581 974 3628 disserere
989 3581 1147 3638 supersedeo.
1160 3600 1169 3618 α
1180 3582 1224 3627 b'o-

107 3641 142 3687 bis
155 3644 263 3700 quidem,
278 3649 305 3690 ut
319 3657 406 3691 verum
422 3645 550 3699 fateamur,
567 3649 616 3691 tota
630 3645 677 3690 ista
692 3645 837 3702 disceptatio
853 3645 894 3689 vix
909 3648 975 3689 tanto
993 3644 1061 3688 biatu
1077 3643 1152 3700 digna
1170 3656 1224 3690 esse

105 3703 207 3760 ridetur,
218 3717 266 3751 noc
279 3706 338 3751 satis
353 3706 525 3764 intelligimus,
540 3706 664 3763 quomodo
680 3707 706 3750 iu
723 3706 770 3752 iste
783 3718 810 3751 re
825 3710 873 3750 tam
889 3704 970 3763 ampla
985 3704 1095 3750 certandi
1110 3705 1225 3750 materies

107 3765 183 3820 ljrositn
192 3766 230 3811 sit.
242 3767 384 3824 »mussan
394 3767 409 3813 l.
422 3780 451 3820 c,
462 3781 485 3825 p.
497 3771 542 3819 80.)

132 3833 150 3870 s.
166 3828 200 3874 Cl.
217 3828 351 3886 Clrassaug,
361 3830 387 3875 to
401 3830 558 3876 Grcntmotre
568 3827 597 3876 de
612 3829 693 3888 Denya
703 3827 732 3874 de
744 3829 980 3880 lateranensem
991 3825 1019 3873 de
1030 3826 1123 3874 l’rtaaor.
1134 3840 1157 3885 p.
1170 3827 1225 3874 l'en-

106 3899 201 3949 courcy.
217 3889 259 3936 des
273 3891 301 3937 e't.
317 3905 354 3950 qr.
370 3903 400 3937 eo
415 3891 633 3948 Fr.,1att,p.1te;
649 3891 675 3938 0.
692 3891 803 3948 Froelrde,
818 3891 862 3936 Die
877 3888 1085 3949 lotbnpaprrlnde
1098 3889 1143 3936 der
1156 3901 1224 3935 reem.

107 3950 221 4004 drumm..
232 3965 255 4011 p.
268 3961 301 3997 le.

131 4016 151 4056 t.
166 4015 198 4060 lle
213 4015 357 4061 auctoritate
367 4020 391 4062 et
402 4017 490 4061 ellectu
506 4016 581 4072 hujus
595 4014 735 4076 libelli,qui
751 4015 862 4070 regnavit
877 4015 903 4059 in
919 4012 1011 4060 scholis
1027 4014 1112 4068 grmcis
1122 4026 1136 4058 u
1146 4012 1225 4069 primo

107 4086 127 4119 a.
138 4076 191 4121 Chr.
208 4077 300 4122 sarculo
315 4089 395 4134 usque
410 4079 441 4123 ud
456 4078 497 4124 llll
509 4090 532 4135 p.
546 4079 610 4133 clm,
625 4089 655 4122 ex
670 4089 718 4134 quo
734 4078 808 4122 tutin
823 4082 887 4122 artes
900 4075 1073 4133 grammaticus
1089 4088 1103 4120 a
1117 4075 1225 4119 Varrone

108 4139 220 4194 usquead
231 4139 352 4184 Donatum
363 4143 386 4185 et
398 4139 560 4195 Priscianum,
569 4143 645 4196 etper
655 4140 774 4184 Donatum
787 4151 816 4184 ac
826 4138 978 4183 Prisciauum
989 4148 1069 4192 usque
1077 4137 1106 4181 ad
1115 4135 1223 4180 modium

107 4211 184 4246 rovum
201 4203 225 4246 et
241 4206 351 4247 nostrum
369 4201 442 4247 etiam
460 4206 558 4260 tempus
575 4205 746 4256 manaverunt,
763 4201 794 4246 cl.
811 4202 838 4247 G.
857 4199 938 4258 Ublig,
957 4198 1058 4256 Dionys.
1077 4198 1162 4246 Thrac.
1180 4201 1224 4242 trs

107 4261 221 4317 Gramen,
232 4264 377 4321 prolegom,
388 4276 413 4322 p.
424 4278 450 4310 vr
461 4276 497 4321 eq.
