3124 5050
573 449 795 516 ..15-

120 606 154 660 et
184 598 380 661 eruditionis
409 597 626 677 amplitudine
658 598 783 660 exstitit
812 595 970 675 Nigidius
995 596 1164 677 Figulus¹,
1186 602 1244 678 qui

119 704 350 782 undetriginta
371 703 547 766 minimum
570 703 673 766 libros
701 729 715 758 α
742 706 971 766 commentarii
995 706 1202 782 grammatici
1226 728 1241 757 a

118 813 311 893 inscriptos,
328 811 477 890 singulos
491 811 657 873 fortassee
672 810 854 873 multifaria
863 811 1130 874 observationum
1144 813 1244 874 farra-

118 919 199 997 gine
224 920 433 998 compositoS,
461 917 577 980 edidit.
604 918 649 979 At
674 917 825 998 quamvis
849 917 1059 980 doctissimus
1087 918 1188 980 fuerit
1211 927 1243 980 et

119 1042 260 1087 snmmae
270 1024 426 1087 doctrinae
438 1025 559 1085 famam
568 1024 755 1104 retinuerit,
769 1040 837 1085 non
851 1041 1004 1102 magnam
1020 1023 1107 1104 apud
1115 1033 1243 1087 veteres

117 1132 353 1208 grammaticos
381 1131 609 1192 auctoritatem
637 1129 794 1192 habuisse
822 1127 983 1209 videtur¹,
1015 1129 1062 1191 ita
1088 1137 1126 1192 ut
1154 1129 1243 1194 haud

116 1236 246 1315 multae,
265 1253 376 1315 eaeque
390 1236 458 1297 tere
474 1235 563 1317 apud
575 1254 680 1297 unum
695 1235 855 1316 Gellium,
871 1261 885 1292 α
900 1237 1209 1299 commentariorum
1224 1262 1238 1290 »

115 1343 271 1423 reliquiae
292 1342 509 1422 reperiantur.
534 1341 576 1403 In
596 1342 651 1404 his
672 1361 835 1422 perpauca
857 1325 1069 1420 grammatice
1082 1344 1243 1407 vocabula

115 1451 337 1532 insanaque
353 1450 449 1513 modo
476 1450 590 1512 eadem
606 1457 682 1513 sunt
700 1467 773 1528 quae
795 1448 899 1511 Varro
920 1448 1121 1530 usurpavit³,
1144 1453 1241 1515 modo

115 1559 157 1621 ab
172 1559 247 1638 ejus
263 1558 430 1620 differunt.
448 1555 522 1630 Qua
536 1575 571 1618 re
585 1557 800 1626 manifestum
813 1557 851 1617 fit
870 1575 986 1637 parum
1001 1566 1123 1619 certam
1138 1558 1240 1621 fuisse

117 1685 154 1729 aa
164 1673 262 1729 aetate
277 1666 428 1742 linguam
442 1666 687 1741 grammaticam
699 1671 731 1726 et
746 1667 920 1744 scriptores
932 1682 1017 1744 saepe
1033 1682 1242 1743 graecavoca-

115 1774 194 1836 bula
209 1793 250 1836 ex
264 1775 401 1835 arbitrio
418 1790 477 1835 suo
493 1789 530 1833 ac
543 1770 685 1833 libidine
701 1771 897 1834 traduxisse.
1117 1765 1119 1769 ’

159 1879 323 1942 Varronis
337 1886 369 1941 et
385 1877 516 1955 Nigidii
532 1877 686 1957 aequales,
699 1876 867 1958 Tironem,
883 1875 1054 1940 Ciceronis
1070 1877 1237 1962 libertum,

115 1984 289 2048 Valerium
311 1982 483 2063 Catonem,
500 1984 650 2045 Atteium
669 1981 897 2062 Philologum,
914 1982 1010 2063 alios,
1026 2001 1168 2063 quorum
1182 2003 1240 2047 no-

114 2094 206 2154 mina
221 2090 311 2171 apud
322 2088 536 2153 Suetonium⁴
547 2092 710 2170 insaniae,
724 2091 873 2150 omittere
884 2087 973 2169 licet,
987 2107 1062 2151 cum
1072 2088 1161 2151 nihil
1170 2090 1238 2152 fere

115 2199 183 2262 nisi
207 2199 263 2261 sui
282 2198 478 2259 memoriam
500 2197 708 2276 reliquerint,
733 2214 872 2275 cunique
896 2196 1071 2258 obscurum
1094 2198 1137 2257 sit
1158 2197 1238 2276 quid

117 2307 169 2368 vel
184 2325 268 2370 num
284 2305 364 2384 quid
379 2306 599 2382 grammaticae
617 2302 803 2382 disciplinae
818 2321 855 2365 ac
873 2302 997 2380 linguae
1012 2301 1212 2366 contulerint
1231 2327 1237 2364 :

115 2415 182 2475 nisi
196 2413 281 2476 forte
297 2411 482 2490 putandum
493 2417 552 2490 ast,
569 2409 727 2489 majorem
744 2427 799 2472 eos
814 2410 989 2488 adepturos
1004 2410 1106 2472 fnisse
1118 2410 1238 2472 famam

115 2518 416 2598 etauctoritatem,
448 2519 477 2578 si
505 2534 620 2579 eorum
648 2516 757 2578 studia
790 2521 821 2578 et
849 2518 985 2578 inventa
1012 2516 1108 2579 lauda
1138 2517 1239 2596 digna

113 2626 267 2688 fuissent.
1063 2627 1065 2632 ’

158 2731 224 2794 Sed
244 2728 385 2794 silentio
405 2730 568 2810 praeteriri
587 2745 654 2790 non
675 2735 781 2806 potest
804 2725 844 2790 C.
866 2727 979 2791 Julius
995 2726 1118 2810 Caesar,
1139 2754 1153 2783 α
1174 2729 1239 2792 Βο-

112 2856 288 2902 manorum
301 2836 399 2899 facile
414 2838 588 2915 maximus,
601 2837 659 2914 qui
676 2842 710 2896 ut
720 2835 910 2914 reipublicae
921 2836 1077 2897 Romanae
1094 2843 1126 2898 et
1139 2837 1238 2898 totius

111 2945 365 3007 [creterrarum
386 2942 487 3021 orbis,
514 2960 677 3005 annorum
697 2949 729 3002 et
749 2941 892 3023 dierum,
914 2942 961 3003 ita
980 2941 1104 3020 linguae
1125 2941 1237 3005 latinae

112 3052 236 3115 exstitit
259 3046 493 3128 legumlator⁵.
518 3071 533 3100 »
557 3046 838 3110 Gravissimorum
856 3049 1014 3129 virorum,
1041 3067 1123 3128 qnos
1144 3058 1238 3112 antea

112 3157 294 3238 nominavi,
313 3157 454 3232 vestigia
469 3162 612 3235 secutus,
631 3155 751 3234 quibus
767 3173 835 3217 non
853 3155 1030 3233 indignum
1044 3156 1153 3217 visum
1168 3166 1236 3218 erat

112 3263 337 3341 grammaticis
352 3263 450 3324 rebus
467 3278 599 3340 operam
615 3279 746 3343 navare,
764 3260 822 3323 ille
838 3264 1041 3324 atrocissimo
1053 3260 1140 3323 hello
1158 3260 1236 3324 Gal-

112 3370 175 3433 lico
190 3370 468 3451 occupatissimus
488 3362 545 3451 (55
563 3387 593 3429 a.
620 3362 718 3450 Chr.)
737 3385 775 3430 ac
794 3368 863 3430 fere
883 3368 970 3429 inter
989 3367 1055 3429 tela
1074 3366 1232 3448 volantia,

113 3474 248 3539 classica
258 3483 291 3538 et
302 3474 410 3554 tubas,
423 3483 460 3536 nt
470 3473 580 3537 verbis
591 3471 769 3536 Frontonis
779 3480 864 3554 utar,
879 3473 960 3536 duos
973 3499 987 3527 ι
1001 3473 1040 3535 de
1052 3472 1204 3551 analogia
1217 3498 1231 3528 >›

112 3580 212 3645 libros
235 3584 382 3662 scripsit,
408 3590 456 3662 ut,
482 3582 605 3662 rejecta
624 3581 875 3643 consuetudinis
899 3579 1024 3659 regula,
1050 3583 1233 3644 erratione

112 3696 275 3768 tamquam
291 3690 432 3752 obrussa
446 3687 605 3768 adhibita,
624 3695 728 3749 certas
751 3687 886 3749 sincerae
906 3685 1081 3750 latinitatis
1096 3686 1187 3764 legas
1203 3695 1235 3750 et

138 3893 156 3931 t.
171 3886 206 3932 Cl.
217 3886 298 3942 llertz,
310 3887 344 3930 Da
357 3885 380 3929 Ρ.
390 3885 489 3944 Nipidii
499 3883 581 3944 Fipuli
590 3883 680 3930 studiis
690 3889 763 3944 atque
773 3885 888 3942 operibns
897 3887 974 3938 (181⁹,
984 3884 1128 3941 presertim,
1139 3897 1162 3941 p.
1173 3891 1232 3941 aem

111 3945 235 4003 Swobodn
246 3949 272 3993 P.
283 3946 384 4005 Nipidii
395 3947 477 4005 l'ipuli
487 3957 588 4003 opernm
599 3948 713 4007 reliquiae
723 3951 802 4002 (rese),
814 3947 959 4004 praesertim,
970 3960 994 4002 p,
1004 3953 1060 4002 aas,
1071 3954 1140 3994 onor.

136 4015 155 4052 2.
171 4010 205 4055 Cf.
216 4011 397 4062 Kretzsclrmor‚
408 4011 443 4056 De
454 4012 478 4054 Α.
490 4008 560 4054 Gellii
569 4007 689 4065 fontibus,
700 4009 709 4053 l
720 4012 798 4063 (tato),
809 4021 833 4065 p,
843 4015 876 4053 at.

110 4127 119 4174 ι
135 4075 155 4114 a.
171 4072 281 4118 Fortasse
293 4072 354 4130 quio
364 4073 392 4116 in
406 4072 437 4116 iis
447 4072 565 4117 Varronis
580 4070 751 4116 auctoritatem
765 4071 877 4128 Nigidius
890 4071 1039 4127 sequebatur
1053 4069 1094 4124 (cl.
1105 4069 1233 4124 swobodo,

121 4163 125 4172 ·
135 4143 164 4184 ⁶¹»
173 4144 197 4190 p·
210 4136 252 4187 1η·
1189 4151 1192 4157 ’

136 4200 156 4238 t.
171 4195 196 4240 1,.
208 4207 237 4244 c..
248 4199 305 4242 9-17.

135 4259 156 4297 t.
170 4256 279 4313 Scltlitto,
292 4259 326 4304 De
336 4257 359 4304 t'.
371 4255 438 4304 lolio
448 4256 547 4303 Caeaarc
556 4255 717 4315 grammatico
726 4257 807 4313 (laea),
817 4268 841 4314 p.
854 4263 873 4300 1.
