3124 5050
768 441 990 508 ..58-

320 594 351 650 et
374 585 460 672 alii),
486 589 697 668 tetrasyllabos
721 583 898 671 (Priscian.
924 582 1074 668 passini),
1102 585 1307 664 polysyllabae
1335 581 1441 666 (Pris-

318 691 440 780 cian),
457 701 569 759 contra
583 711 655 776 quae
668 695 748 776 poni
762 701 900 776 possunt
914 694 1104 771 ouispttobus
1120 687 1296 776 (Priscian.
1313 694 1385 752 oni·
1401 713 1437 746 =

318 797 429 886 pore),
456 803 621 881 disyllabos
646 798 770 883 (Varr,
792 800 854 883 IX,
877 798 938 880 913
964 801 1009 861 bi·
1026 825 1071 851 =
1094 793 1164 882 bo),
1192 797 1440 876 quadrisyllaboa

319 903 629 990 (Van.,vur‚7r;
645 908 774 986 quadra·-
789 933 833 958 =
848 902 980 992 eree).
1004 899 1437 988 Trispttatus(vffl‚,V111,
1544 901 1545 944 ÷

319 1013 380 1096 77;
396 1015 471 1080 Vel.
484 1016 604 1097 Long,
623 1015 666 1080 K.
683 1015 763 1096 VII,
781 1034 814 1096 p.
832 1009 889 1098 55)
905 1013 1048 1077 dubitari
1067 1018 1185 1093 potest,
1203 1011 1311 1073 utrius
1326 1011 1371 1072 sit
1387 1029 1441 1088 ge-

318 1124 419 1186 neris.
438 1122 504 1186 Sed
522 1141 597 1185 curn
618 1122 705 1204 apud
723 1121 917 1202 Varronem,
943 1127 979 1184 ut
999 1119 1165 1197 disyllabos
1181 1125 1212 1180 et
1232 1118 1440 1196 quo-drisytlo-

318 1233 387 1308 bos,
407 1231 546 1310 legatur,
565 1237 596 1294 et
615 1232 649 1293 in
666 1230 720 1292 his
741 1228 912 1293 vocabulis
933 1228 1036 1291 latina
1051 1228 1094 1290 sit
1114 1246 1189 1309 pars
1203 1227 1305 1308 prior,
1324 1226 1439 1288 eodem

318 1337 415 1401 modo
430 1344 463 1400 et
477 1338 587 1419 ipsum
602 1337 716 1400 fictum
731 1355 802 1398 esse
818 1336 1000 1418 putandum
1015 1342 1075 1399 est.

612 1598 668 1661 De
690 1595 865 1660 dtettone
887 1596 928 1660 et
948 1595 1141 1659 oratione.

365 1781 544 1848 Communi
566 1803 631 1850 usn
660 1783 800 1864 singulae
823 1782 959 1865 syllabae
987 1791 1044 1846 aut
1070 1783 1201 1865 litterae,
1235 1783 1439 1864 singulaeque
1546 1809 1547 1864 }

321 1890 524 1972 syllabarum
549 1897 604 1954 aut
625 1890 809 1954 litterarum
834 1890 1157 1972 comprehensiones,
1174 1907 1247 1971 quae
1270 1892 1439 1954 notionem

321 1997 466 2079 aliquam
480 2017 540 2079 per
555 2016 589 2061 se
605 1999 794 2077 significent
809 2006 841 2059 et
856 1999 893 2060 in
908 1999 1056 2061 oratione
1072 2017 1162 2060 suam
1177 1999 1272 2078 quasi
1287 1999 1390 2060 vitam
1406 2005 1436 2060 et

322 2122 497 2186 personam
515 2105 669 2187 habeant,
693 2103 903 2186 appellantur
920 2097 1041 2165 verbo¹.
1062 2103 1189 2166 Verbum
1202 2106 1305 2182 igitur
1319 2101 1439 2165 Vauo'

321 2211 451 2292 delinit,
478 2237 493 2266 «
512 2205 672 2274 orationis
690 2208 816 2274 vocalis
839 2229 904 2272 esse
924 2217 1062 2292 partem,
1080 2227 1153 2290 quae
1177 2211 1220 2272 sit
1242 2209 1388 2273 indivisa
1408 2218 1438 2272 et

320 2319 470 2380 minima.
492 2316 592 2380 »Sed
612 2335 687 2380 cum
707 2317 829 2398 duplex
850 2315 952 2397 hujus
971 2315 1124 2379 vocabuli
1144 2324 1229 2378 esset
1250 2314 1439 2378 intellectus
1547 2329 1548 2344 ³

321 2420 411 2505 (nam
427 2431 458 2487 et
477 2443 545 2486 una
565 2441 640 2505 pars
662 2425 820 2486 orationis
843 2425 970 2485 verbum
991 2418 1208 2507 nominatur),
1230 2422 1377 2504 quidam,
1402 2430 1439 2484 ut

320 2533 462 2595 vitarent
482 2532 744 2613 ambiguitatem,
766 2533 808 2595 ad
827 2530 1015 2611 generalem
1035 2549 1168 2593 sensum
1190 2531 1438 2613 exprimendum

318 2635 447 2720 rocem³,
464 2637 642 2699 locutionem
660 2644 715 2701 aut
735 2635 911 2700 dictionem⁴
933 2637 1043 2700 dicere
1058 2635 1257 2700 maluerunt.
1275 2639 1438 2700 dictionem
1548 2665 1549 2670 κ

319 2760 396 2806 vero
411 2744 612 2824 posteriores
634 2745 837 2822 grammatici
862 2761 1022 2822 usurpare
1037 2740 1146 2806 solent
1162 2763 1170 2804 :
1197 2743 1284 2823 quod
1297 2745 1438 2806 vocabu-

319 2849 401 2930 lum,
417 2849 616 2931 jampridem
632 2868 731 2913 sensu
746 2849 864 2912 latiore
878 2849 1048 2930 usitatum,
1065 2849 1140 2912 ideo
1157 2866 1212 2912 eos
1227 2847 1369 2926 elegisse
1384 2867 1437 2910 ve-

319 2955 462 3017 risimile
477 2962 538 3036 est,
556 2957 634 3036 quia
647 2957 771 3037 optime
786 2972 892 3034 graeco
910 2980 925 3010 «
942 2953 1027 3034 λέξις
1045 2979 1060 3009 ³
1077 2954 1183 3018 forma
1197 2955 1383 3036 respondet.

365 3059 452 3124 Cum
466 3069 576 3124 autem
590 3069 663 3143 apte
679 3063 868 3143 compositae
890 3061 1114 3142 ordinatasque
1134 3061 1296 3123 dictiones
1311 3061 1436 3141 perfec-

320 3176 386 3232 tam
401 3171 599 3231 sententiam
614 3166 870 3250 demonstrant⁵,
888 3169 925 3230 fit
939 3169 1037 3229 oratio
1057 3162 1121 3251 (gr.
1144 3161 1261 3250 λόγος).
1284 3165 1328 3228 At
1343 3166 1436 3226 oratio

293 3325 295 3331 .
316 3275 385 3354 jam
399 3275 487 3357 apud
503 3273 713 3338 Terentium⁶
723 3274 857 3358 legitur,
875 3293 943 3338 non
958 3293 1058 3338 sensu
1068 3273 1203 3354 quidem
1212 3271 1434 3352 grammaticO,

320 3382 376 3444 sed
391 3388 428 3444 ut
443 3388 553 3444 tamen
569 3382 720 3460 designet
734 3406 749 3436 ι
760 3381 848 3461 quod
863 3379 1036 3444 diciturad
1047 3379 1245 3442 sententiam
1255 3379 1438 3459 exprimen-

320 3488 395 3549 dam
413 3512 442 3567 »,
459 3506 566 3568 neque
581 3486 674 3550 aliud
687 3487 773 3570 apud
788 3483 987 3549 Varronem'
998 3484 1193 3566 quamapud
1208 3478 1436 3547 Priscianum⁸

321 3593 497 3671 significat.

345 3814 364 3852 1.
379 3808 414 3855 Cl.
426 3808 537 3864 Quintil,
548 3809 567 3865 1,
578 3815 598 3864 5,
609 3815 629 3853 2,

345 3875 365 3914 a.
380 3871 409 3926 x,
419 3877 453 3916 rr.

345 3937 365 3976 e.
381 3932 473 3978 Eodem
483 3943 557 3978 sensu
568 3934 701 3989 usurpatur
711 3932 778 3989 apud
788 3932 885 3978 Graecos
895 3939 953 3982 euve.

344 3999 365 4036 4.
381 3993 491 4049 (Quintil,
502 3994 518 4040 l.
529 4006 548 4039 c.
560 3994 595 4040 ct.
607 3993 672 4051 apud
684 3993 781 4040 Graecos
790 3997 854 4041 tritta
866 3992 963 4045 locutio,
973 3990 1065 4037 dictio:
1075 3993 1125 4042 λέξις
1137 4005 1161 4032 =
1172 3988 1268 4051 loquor,
1278 3990 1346 4037 dico:
1356 3995 1409 4042 λίγκ.

346 4061 366 4100 5.
382 4053 416 4100 Cl.
428 4056 515 4112 biom,
525 4056 551 4102 li.
561 4057 579 4109 1,
590 4067 614 4113 p.
626 4061 678 4112 ³⁰03
689 4055 773 4110 Prisc,
784 4055 812 4100 ll.
824 4055 852 4110 ll,
863 4067 887 4112 p.
898 4061 932 4111 5³,
944 4058 990 4100 etc.

346 4123 366 4162 6.
382 4115 490 4174 ΑάείρΙι.,
500 4118 539 4173 Ν,
549 4118 577 4174 Χ,
589 4124 624 4164 19.

347 4187 368 4224 7.
384 4180 442 4236 vlll,
453 4186 492 4236 443
503 4179 531 4234 X,
542 4187 568 4226 14
577 4191 614 4238 sq.

347 4241 571 4300 &Kffipmm
